2834 4317
831 196 1018 251 LIBER
1052 199 1089 252 1.
1128 202 1208 262 13,
1244 169 1449 263 30214,
1484 203 1568 254 31.
1606 204 1689 254 32.
2254 204 2332 260 47

180 370 440 451 lugubris
465 371 818 433 lamentatio
839 372 1132 450 fletusque
1156 390 1432 434 maerens
1456 391 1529 434 ex
1552 391 1623 434 eo
1648 383 1754 447 est,
1787 374 1948 453 quod
1970 394 2126 450 eum,
2160 393 2335 454 quem

179 456 506 528 dileximus,
540 457 696 519 vitae
716 456 1044 519 commodis
1066 457 1361 537 privatum
1381 457 1737 519 arbitramur
1759 458 1936 538 idque
1959 462 2201 522 sentire.
2232 461 2335 521 At-

178 560 284 620 que
305 542 459 603 haec
483 542 572 604 ita
585 543 876 605 sentimus
891 552 1103 604 natura
1117 543 1289 616 duce,
1309 542 1475 604 nulla
1496 543 1726 604 ratione
1752 544 2030 623 nullaque
2045 546 2333 610 doctrina.

335 627 690 689 Maxumum
744 646 885 689 vero
943 635 1361 707 argumentum
1419 638 1512 690 est
1561 637 1836 690 naturam
1879 629 2063 710 ipsam
2110 631 2181 692 de
2226 631 2333 691 im·
2355 638 2430 693 14
2473 659 2474 662 ¹

126 725 146 770 5
180 713 536 774 mortalitate
595 713 934 775 animorum
990 713 1227 774 tacitam
1270 712 1563 787 iudicare,
1619 713 1778 794 quod
1837 715 2114 777 omnibus
2159 733 2336 776 curae
2379 729 2436 779 31

178 805 307 859 sunt
335 807 397 860 et
425 817 747 860 maxumae
777 798 1035 878 quidem,
1068 817 1219 878 quae
1249 808 1387 879 post
1416 807 1671 860 mortem
1700 801 1899 861 futura
1930 801 2068 863 sint.

612 882 767 946 Serit
796 883 1049 956 arbores,
1081 902 1224 964 quae
1251 882 1428 946 alteri
1454 884 1635 946 saeclo
1662 889 1907 966 prosint,

180 978 236 1028 ut
262 969 340 1030 ait
369 970 475 1030 ille
509 970 574 1030 in
608 968 999 1049 Synephebis,
1032 969 1174 1046 quid
1197 978 1478 1049 spectans
1503 970 1614 1031 nisi
1638 971 1813 1031 etiam
1845 980 2082 1051 postera
2104 971 2335 1033 saecula

182 1053 244 1113 ad
268 1073 332 1116 se
361 1052 725 1136 pertinere?
783 1052 945 1133 Ergo
987 1052 1233 1115 arbores
1277 1062 1439 1117 seret
1480 1055 1732 1135 diligens
1763 1056 2040 1134 agricola,
2087 1074 2336 1136 quarum

113 1145 151 1194 10
183 1139 416 1218 aspiciet
445 1140 658 1201 bacam
689 1140 818 1220 ipse
851 1156 1209 1218 numquam:
1259 1140 1345 1201 vir
1372 1158 1627 1220 magnus
1657 1140 1835 1220 legeS‚
1880 1142 2166 1215 instituta,
2211 1160 2336 1203 rem

185 1224 471 1302 publicam
497 1243 626 1286 non
651 1222 854 1287 seret?
900 1224 1054 1295 Quid
1079 1225 1414 1304 procreatio
1440 1223 1785 1300 liberorum,
1819 1227 1959 1304 quid
1989 1225 2337 1307 propagatio

186 1310 451 1385 nominis,
502 1309 649 1389 quid
691 1309 1101 1390 adoptationes
1144 1310 1420 1383 filiorum,
1486 1311 1625 1388 quid
1672 1318 2165 1372 testamentorum
2208 1311 2336 1372 dili·

190 1396 401 1471 genua,
451 1394 601 1475 quid
644 1396 770 1476 ipsa
815 1394 1228 1475 sepulcrorum
1273 1405 1695 1470 monumenta,
1754 1395 1941 1474 elogia
1999 1395 2339 1475 significant

190 1480 288 1541 nisi
318 1500 432 1543 nos
462 1481 669 1542 futura
714 1480 887 1542 etiam
920 1478 1220 1559 cogitare?
1279 1478 1478 1550 Quid?
1523 1480 1669 1542 illud
1714 1499 1858 1543 num
1889 1480 2141 1555 dubitas,
2191 1481 2334 1560 quin
2380 1497 2437 1546 32

122 1567 161 1616 15
189 1566 476 1642 specimen
524 1575 775 1627 naturae
821 1565 951 1645 capi
995 1564 1201 1627 deceat
1241 1584 1314 1628 ex
1344 1566 1565 1645 optima
1596 1584 1831 1645 quaque
1862 1565 2119 1627 natura?
2171 1566 2337 1638 Quae

194 1660 266 1710 est
304 1653 521 1714 melior
566 1651 750 1731 igitur
792 1650 855 1712 in
901 1650 1210 1711 hominum
1257 1669 1478 1731 genere
1524 1661 1734 1712 natura
1766 1670 1941 1731 quam
1975 1669 2202 1726 eorum,
2234 1652 2335 1729 qui

191 1751 243 1793 se
270 1746 440 1799 natos
469 1738 545 1798 ad
576 1736 851 1798 homiues
880 1736 1185 1810 iuvandos,
1227 1736 1527 1810 tutandos,
1571 1738 2013 1799 conservandos
2043 1736 2338 1797 arbitran-

194 1882 357 1949 lugere
408 1887 513 1940 den
568 1887 743 1939 lauten
795 1885 1066 1939 Ausdruck
1111 1885 1204 1938 des

194 1948 481 2007 Schmerzes
502 1954 630 2008 fiber
654 1953 1014 2007 Verstorbene.
1049 1954 1203 2005 Also:

194 2020 319 2073 Auch
369 2023 463 2076 der
512 2022 965 2092 Sprachgebrauch
1008 2023 1205 2089 spricht

196 2086 261 2139 ῐΐιι·
294 2090 372 2143 die
410 2091 722 2158 allgemeine
758 2091 1025 2142 Anuahme
1062 2091 1205 2143 einer

194 2154 459 2213 Fortdauer
496 2161 584 2213 der
619 2159 803 2213 Seele.·

255 2229 295 2278 1.
333 2245 402 2279 ex
438 2245 528 2291 eo,
564 2228 670 2295 vgl.
709 2230 792 2291 12,
828 2229 893 2279 28
928 2225 1034 2278 und
1070 2225 1201 2278 Phil.

198 2290 341 2360 V1.1‚
366 2301 423 2349 1:
462 2313 625 2349 eausa
662 2325 728 2335 —
763 2292 879 2356 fuit
910 2312 982 2346 eoe
1016 2310 1092 2346 eo.

253 2364 298 2415 2.
315 2368 515 2417 sentire
538 2394 607 2405 -
628 2367 900 2416 sentimus.
954 2361 1205 2414 Dasselbe

197 2426 460 2499 Wortspiel
483 2432 910 2498 (Wiederholuug
933 2429 1206 2483 desselben

198 2495 383 2554 Wortes
400 2503 455 2553 in
475 2500 866 2554 verschiedener
888 2498 1207 2563 Bedeutung‚

198 2568 474 2635 traductio)
510 2584 553 2623 e.
581 2573 666 2633 45,
693 2571 819 2628 108;
857 2567 964 2633 vgl.
1000 2569 1083 2631 40,
1109 2569 1207 2619 95:

198 2632 348 2687 levius
370 2668 436 2677 —
464 2638 676 2690 levitati
685 2658 697 2696 ;
724 2641 810 2702 47,
839 2639 962 2689 112:
998 2637 1209 2698 ornasti

199 2729 253 2740 -
287 2711 573 2759 ornaverat
605 2722 655 2760 ιι.
681 2722 727 2758 a.

255 2775 298 2824 Ἰ.
349 2776 496 2828 Set-it
530 2779 628 2827 cet.
698 2770 975 2825 Entweder
1026 2786 1205 2823 waren

1307 1885 1773 1953 untergeordneten
1790 1884 1913 1938 Satz
1926 1886 2004 1939 als
2019 1886 2337 1939 koordinier·

1306 1958 1391 2007 ten
1430 1970 1496 2006 zu
1531 1954 1819 2006 behandeln
1866 1954 1971 2007 und
2006 1955 2105 2007 den
2143 1955 2337 2021 cigent-

1304 2022 1476 2075 lichen
1496 2022 1779 2090 Hauptsatz
1797 2023 1932 2074 ohne
1950 2022 2338 2087 Verbindungs·

1307 2091 1528 2157 partikel
1577 2091 1751 2157 folgen
1801 2106 1867 2143 zu
1909 2090 2101 2143 lassen.
2182 2089 2338 2154 Jeuer

1306 2160 1521 2226 beginnt
1555 2160 1651 2212 mit
1684 2174 1832 2225 ergo,
1870 2160 1970 2212 wie
2005 2160 2118 2212 hier
2150 2158 2255 2211 und
2280 2159 2337 2213 11.

1310 2232 1391 2291 17,
1410 2230 1505 2289 39;
1530 2228 1601 2282 ib.
1629 2231 1711 2293 14,
1734 2231 1828 2289 34;
1854 2227 1979 2280 oder
2003 2228 2097 2281 mit
2118 2244 2210 2295 an,
2233 2228 2336 2281 wie

1312 2293 1373 2349 V.
1404 2299 1495 2355 14,
1522 2298 1587 2349 42
1624 2312 1673 2347 u.
1700 2310 1747 2349 a.
1832 2295 1953 2361 Vgl.
1998 2297 2133 2350 noch
2182 2311 2245 2347 zu
2280 2294 2337 2347 11.

1311 2366 1404 2428 20,
1441 2364 1521 2416 46.
1559 2392 1626 2401 -
1670 2362 1762 2414 Die
1808 2362 2075 2431 Metapher
2119 2364 2189 2414 ist
2233 2362 2341 2415 bier

1311 2430 1566 2483 natiirlicb
1600 2429 1760 2482 durch
1786 2429 1877 2481 das
1910 2431 2212 2496 vorbergeh.
2250 2447 2339 2481 ar·

1310 2502 1464 2551 bores
1485 2503 1628 2548 seret
1650 2497 1947 2562 veranlasst,
1984 2498 2115 2550 doch
2141 2497 2342 2550 kommt

1311 2568 1387 2619 sie
1424 2566 1553 2618 auch
1589 2569 1736 2618 sonst
1760 2581 1869 2628 vor,
1905 2581 1953 2619 z.
1979 2565 2037 2618 Β.
2062 2565 2126 2617 de
2149 2579 2257 2630 rep.
2281 2564 2339 2618 11.

1312 2639 1362 2700 3,
1386 2639 1449 2688 5:
1484 2635 1612 2685 urbi
1646 2634 2034 2685 autem·tocnm
2066 2632 2341 2699 Romulus,

1310 2704 1457 2770 quod
1488 2708 1568 2754 est
1599 2704 1668 2766 ei,
1703 2706 1798 2768 qui
1820 2703 2138 2755 diuturnam
2170 2717 2337 2769 remp.

1306 2788 1485 2824 serere
1527 2771 1866 2838 (begrfinden)
1913 2777 2172 2839 conatur,
2216 2770 2339 2822 dili-

200 2851 246 2889 es
279 2841 482 2895 Cretici:
760 2869 826 2879 -
854 2840 1001 2892 Ser-it
1303 2843 1619 2906 gentiutme
1646 2841 2068 2905 providendum,
2107 2840 2339 2892 incredi-

199 2901 445 2975 'An-bom,
484 2927 622 2977 quae
646 2908 812 2962 dlten‘
843 2907 1057 2960 saeculo
1076 2907 1205 2974 prd-
1310 2909 1408 2959 bili
1443 2910 1848 2975 opportunitate
1883 2909 2098 2975 delegit.

863 2980 1005 3028 sient
1382 2979 1463 3029 12.
1518 2978 1803 3042 diligentia
1872 2977 2174 3043 sorgsaltige
2233 2977 2339 3028 Ab·

203 3040 306 3096 oder
334 3046 581 3100 Jamben:
1001 3042 1204 3108 [elteri.
1312 3046 1540 3111 sassuug.

230 3110 361 3166 Set-it
384 3114 605 3168 ‹ir-bores
633 3131 771 3181 quae
794 3111 969 3165 sabelo
990 3116 1209 3178 prosint
1382 3115 1464 3167 13.
1499 3117 1870 3178 monumenta,
1908 3112 2100 3178 elogia.
2171 3112 2340 3165 Dutch

203 3174 420 3301 gleaselbe
463 3183 594 3236 Vere
641 3183 782 3236 steht
826 3183 957 3234 auch
994 3182 1103 3236 Cat.
1138 3180 1207 3233 M.

230 3284 243 3310 ‚
291 3253 334 3305 4.

258 3319 299 3371 8.
332 3326 396 3372 ut
429 3324 512 3371 ait
525 3320 636 3384 ille,
660 3319 815 3371 naml.
836 3318 918 3369 die
937 3317 1005 3369 im
1027 3315 1206 3369 Drama

206 3382 501 3452 eingernhrte
536 3387 749 3441 Person.
823 3385 935 3453 Vgl.
970 3389 1055 3450 44,
1086 3389 1206 3439 105:

204 3451 299 3508 illa.
341 3485 408 3496 —
457 3458 776 3527 Συνέφηβοι
824 3447 929 3506 ‘die
979 3453 1209 3519 Jugeud-

207 3516 436 3590 treunde',
473 3525 587 3577 eine
615 3524 866 3577 Komodie
884 3523 976 3575 des
1000 3522 1207 3575 Menan-

206 3584 292 3654 der,
324 3594 525 3646 welche
561 3591 760 3646 Statius
795 3591 1016 3644 Cicilius
1051 3593 1206 3657 (gest.

208 3657 305 3724 168)
336 3662 418 3714 ius
453 3661 774 3714 Lateiuische
809 3661 1073 3726 ubertrug.

259 3730 304 3783 9.
371 3732 593 3782 arbores
638 3735 779 3781 seret
827 3757 913 3793 —‚
964 3729 1106 3794 teget
1141 3756 1206 3765 -

207 3806 298 3848 non
316 3801 489 3850 neret?
521 3796 577 3849 ln
601 3797 717 3850 dem
742 3802 1121 3864 argumentum
1140 3812 1209 3846 ex

206 3869 463 3918 contrario
500 3865 661 3933 pssegt
686 3867 859 3920 Cicero
883 3864 982 3917 den
1006 3864 1207 3931 logisch

1309 3180 1393 3232 die
1432 3180 1785 3246 Erweiteruug
1829 3181 1919 3232 des
1969 3180 2159 3234 letzten
2204 3179 2340 3232 Glic-

1309 3249 1401 3302 des
1440 3248 1543 3300 und
1579 3250 1670 3301 das
1708 3248 2011 3316 Asyudeton
2046 3245 2264 3314 (vgl.lll.
2290 3251 2341 3312 3,

1311 3321 1367 3378 6;
1404 3316 1470 3370 V.
1508 3319 1603 3382 31,
1648 3320 1735 3380 87)
1778 3318 2011 3381 gewinnt
2044 3316 2135 3367 der
2177 3330 2341 3380 ganze

1309 3383 1554 3438 Gedauke
1599 3400 1664 3438 an
1700 3384 1937 3437 Gewicht
1982 3382 2083 3436 und
2131 3382 2341 3439 pathos,

1380 3458 1461 3507 14.
1480 3457 1612 3518 quin
1643 3455 1906 3520 specimen
1931 3457 2059 3504 cet.:
2095 3450 2212 3503 dass
2247 3451 2341 3507 das

1316 3520 1529 3573 Vorbild
1562 3522 1673 3587 (der
1707 3520 1909 3589 Typus)
1943 3520 2086 3573 eines
2124 3519 2340 3574 Wesens

1312 3606 1416 3643 von
1451 3590 1567 3643 dem
1615 3590 1795 3642 beaten
1834 3588 2024 3641 Wesen
2069 3588 2340 3641 derselben

1311 3659 1406 3710 Art
1442 3664 1771 3711 entnommen
1812 3656 2016 3709 werden
2042 3656 2196 3709 murs,
2248 3657 2343 3709 Mit

1313 3727 1403 3779 der
1452 3727 1612 3794 Frage
1659 3726 1834 3791 Quid?
1880 3725 2022 3777 illud
2066 3730 2167 3780 cet.
2212 3725 2343 3778 vird

1312 3796 1456 3847 nicht
1491 3796 1574 3846 ein
1604 3809 1762 3846 neues
1786 3795 2084 3861 Argument,
2120 3792 2340 3845 sondern

1314 3864 1428 3916 eine
1485 3862 1789 3929 Ergiinzung
1857 3860 1963 3914 und
2034 3860 2341 3925 Steigerung
