2834 4317
40 1423 137 1478 .gf'⁷
173 1436 215 1486 ν

443 181 522 239 ’76
1210 179 1400 232 LIBER
1433 180 1470 233 1.
1508 182 1591 245 30,
1630 183 1712 234 73.
1752 185 1831 233 74.

444 353 814 426 amitterent;
859 352 944 413 sic
989 352 1206 413 mentis
1249 354 1407 414 acies
1455 371 1518 414 se
1550 352 1675 432 ipsa
1707 352 1951 414 intuens
1983 370 2107 412 non
2141 368 2469 428 numquam
2500 352 2603 413 he-

442 438 650 512 bescit,
698 435 774 497 ob
807 455 1058 516 eamque
1103 456 1340 500 causam
1373 438 1813 517 contemplandi
1854 436 2222 515 diligentiam
2260 436 2604 499 amittimus

444 523 650 603 ltaque
695 521 1004 595 dubitanS,
1051 524 1585 603 circumspectans,
1630 524 1961 585 haesitans,
2007 522 2193 584 multa
2220 521 2462 584 adversa
2507 542 2604 584 re-

443 626 655 669 verens
696 615 997 687 tamquam
1041 608 1101 669 in
1148 616 1275 669 rate
1318 610 1380 669 in
1427 610 1572 670 mari
1606 609 1899 670 immenso
1931 615 2136 669 nostra
2164 607 2401 668 vehitur
2429 609 2604 669 ratio.

338 712 396 761 74
615 693 730 754 Sed
761 693 905 754 haec
936 702 997 754 et
1024 702 1222 755 vetera
1255 702 1313 755 et
1344 714 1376 755 a
1408 693 1667 756 Graecis.
1720 694 1862 757 Cato
1894 701 2088 754 autem
2121 692 2206 754 sic
2237 692 2379 754 abiit
2410 713 2442 754 e
2472 694 2604 769 vita,
2657 705 2694 753 5

450 786 516 840 ut
560 796 793 839 causam
839 779 1134 840 moriendi
1181 788 1422 841 nactum
1467 797 1531 841 se
1576 798 1706 842 esse
1749 779 2051 859 gauderet.
2111 778 2280 838 Vetat
2308 777 2469 839 enim
2500 779 2608 839 do·

450 864 687 925 minans
718 863 813 924 ille
847 864 906 925 in
942 864 1118 926 nohis
1149 865 1295 926 deus
1338 865 1570 927 iniussu
1600 865 1741 926 hinc
1773 883 1884 925 nos
1915 883 2022 925 suo
2064 863 2425 942 demigrare;
2471 883 2610 925 cum

446 967 587 1009 vero
635 967 873 1010 causam
920 949 1132 1012 iustam
1176 950 1323 1011 deus
1367 951 1495 1031 ipse
1541 950 1794 1024 dederit,
1840 958 1907 1011 ut
1948 958 2095 1010 tunc
2139 948 2397 1023 Socrati,
2445 968 2611 1011 nunc

451 1034 682 1109 Catoni,
714 1053 891 1114 saepe
922 1036 1153 1108 multis,
1195 1055 1273 1097 ne
1303 1036 1401 1096 ille
1432 1054 1529 1097 me
1560 1035 1691 1098 dius
1735 1035 1907 1096 fidius
1936 1034 2024 1095 vir
2052 1034 2289 1114 sapiens
2319 1034 2504 1096 laetus
2536 1054 2608 1095 ex

445 1120 540 1181 his
571 1117 837 1181 tenebris
868 1121 930 1181 in
964 1121 1158 1182 lucem
1187 1120 1345 1182 illam
1377 1122 1727 1196 excesserit,
1761 1139 1872 1182 nec
1902 1131 2099 1181 tamen
2133 1119 2228 1180 illa
2258 1119 2448 1181 vincla
2480 1138 2608 1181 car·
2665 1130 2736 1179 10

368 1264 377 1272 ,
404 1205 602 1316 &ceris
633 1206 866 1284 ruperit
896 1200 1082 1292 [leges
1113 1206 1272 1268 enim
1302 1202 1527 1290 vetant]
1546 1254 1563 1283 ‚
1607 1206 1711 1268 sed
1739 1213 2040 1284 tamquam
2070 1223 2103 1266 a
2134 1204 2475 1282 magistratu
2504 1215 2610 1266 aut

338 1279 397 1336 ..t-
449 1283 523 1352 ab
558 1290 751 1370 aliqua
796 1300 1090 1370 potestate
1135 1292 1427 1371 legitima,
1472 1295 1558 1354 sic
1601 1310 1633 1352 a
1662 1293 1773 1353 deo
1814 1299 2091 1352 evocatus
2137 1299 2312 1369 atque
2357 1290 2610 1351 emissus

140 1316 317 1428 a)
451 1375 678 1438 exierit.
746 1374 888 1438 Tota
918 1378 1078 1439 enim
1105 1377 1577 1459 philosophorum
1606 1382 1759 1449 vita,
1793 1384 1862 1438 ut
1891 1376 1970 1436 ait
2007 1375 2179 1450 idem,
2210 1380 2609 1437 commentatio

525 1546 569 1597 1.
604 1559 661 1593 se
694 1545 813 1608 ipsa
847 1547 1076 1595 intuens.
1148 1543 1266 1595 Man
1306 1545 1483 1597 wiirdc

453 1611 564 1662 hier
604 1627 660 1661 se
706 1614 880 1676 ipsam
936 1614 1152 1662 intuens
1198 1618 1482 1675 erwarten3

454 1679 578 1730 aber
602 1679 704 1731 Gic.
734 1678 930 1730 stimmt
966 1680 1018 1729 in
1044 1679 1326 1732 ressexiven
1351 1682 1483 1731 Aus-

452 1761 612 1866 32²3?
638 1746 794 1878 :2352
820 1745 1483 1881 32⁰¹32.⁶fi{g¹2f⁰.¹;..¹'33?2

452 1882 566 1934 dem
595 1880 818 1946 Subjekt
851 1882 1080 1946 uben-ein,
1117 1884 1356 1949 obgleich
1393 1883 1483 1935 der

452 1948 737 2015 Gegensatz
774 1950 924 2001 einen
950 1950 1183 2002 anderen
1209 1952 1368 2004 Casus
1404 1968 1484 2003 er-

452 2017 663 2070 fordert.
700 2017 816 2083 Vgl.
843 2019 978 2070 oben
1005 2021 1087 2083 27,
1106 2022 1199 2082 67;
1235 2018 1293 2073 11.
1319 2023 1395 2084 10,
1416 2022 1482 2073 25

452 2102 505 2141 u.
541 2085 605 2138 de
641 2101 714 2138 or.
753 2086 806 2138 ll.
845 2089 903 2152 2,
939 2089 993 2140 8:
1057 2092 1106 2139 si
1151 2104 1221 2139 ex
1265 2090 1485 2155 scriptis

456 2157 712 2218 cognosci
733 2157 840 2221 ipsi
862 2157 978 2206 suis
1003 2159 1329 2222 potuissent.
1369 2156 1483 2222 Vgl.

457 2237 501 2274 z.
538 2224 635 2288 34,
670 2224 758 2275 83:
804 2229 1015 2274 nosmet
1056 2228 1201 2291 ipsos
1246 2242 1296 2277 u.
1343 2240 1390 2279 z.
1428 2225 1484 2279 ll.

461 2294 512 2354 4,
542 2293 633 2343 11:
669 2293 784 2357 ipse
816 2293 936 2345 sibi.

526 2361 573 2412 3.
621 2375 871 2411 reverens
905 2384 973 2404 =
1008 2377 1194 2412 verens
1217 2351 1486 2412 ‘besfirch-

458 2421 615 2492 tend',
670 2428 767 2480 wie
828 2427 890 2480 de
944 2433 1069 2481 orat.
1121 2428 1179 2482 11.
1227 2431 1483 2494 28,122:

456 2496 659 2559 dicam,
703 2512 814 2548 non
868 2513 1118 2549 reverens
1168 2498 1489 2550 adsentandi

453 2566 826 2630 suspicionem.

525 2635 573 2685 4.
617 2636 890 2698 tamquam
941 2637 1001 2684 in
1055 2638 1191 2685 rate.
1253 2633 1369 2699 Vgl.
1405 2632 1485 2684 Pl.

458 2698 618 2750 Phad.
645 2714 695 2765 p.
718 2702 782 2754 85
796 2702 844 2752 d.
903 2702 1087 2754 Diesen
1124 2701 1229 2753 und
1264 2700 1362 2753 den
1390 2701 1487 2752 sol·

458 2766 658 2831 genden
699 2766 909 2820 Worten
956 2773 1015 2819 in
1054 2772 1199 2820 mari
1231 2772 1487 2822 immenso

460 2833 745 2900 entspricht
794 2833 916 2887 kein
962 2837 1175 2888 zweites
1217 2837 1362 2890 Glied
1400 2838 1490 2890 der

460 2900 855 2967 Vergleichung,
892 2901 954 2953 da
982 2904 1058 2954 sie
1093 2919 1189 2956 nur
1211 2903 1293 2955 die
1320 2904 1489 2958 Situa-

459 2968 571 3087 tiolrli
607 2968 698 3020 des
727 2968 973 3023 Schiffers
998 2971 1484 3026 veranschaulichen

461 3052 519 3088 so
563 3051 644 3090 en.

530 3108 577 3157 5.
616 3121 650 3156 a
690 3104 923 3168 Graecis,
962 3121 1066 3172 erg.
1095 3110 1288 3173 petita.

526 3171 594 3225 M.
607 3171 820 3225 Porcius
842 3173 986 3240 Cato,
1005 3173 1229 3240 Stoiker,
1253 3177 1353 3242 gab
1372 3178 1484 3230 sich

455 3242 509 3293 in
545 3240 693 3294 Utica
743 3240 840 3292 den
879 3240 1016 3306 Tod,
1070 3244 1145 3295 als
1195 3245 1349 3297 Cisal·
1395 3261 1485 3298 zur

457 3310 916 3362 Alleinherrschast
972 3310 1183 3377 gelangt
1231 3327 1362 3379 war,
1415 3316 1483 3366 46

457 3394 506 3431 v.
534 3379 647 3433 Chr.
686 3378 741 3429 In
777 3378 867 3430 der
898 3380 1090 3431 letzten
1115 3380 1281 3432 Nacht
1317 3381 1393 3433 las
1430 3398 1485 3433 er

456 3444 633 3498 Platos
674 3446 904 3501 Phfidon.

528 3518 576 3567 ’7.
611 3518 825 3566 iniussu
857 3532 971 3569 suo.
1042 3514 1203 3567 Lehre
1255 3514 1344 3567 der
1380 3516 1483 3587 Py-

459 3582 729 3647 thagoreer
774 3583 878 3634 und
916 3582 1228 3635 Platoniker.
1299 3584 1482 3636 Hierzu

459 3648 562 3703 und
581 3666 695 3702 zum
719 3649 994 3716 folgenden
1016 3651 1120 3717 vgl.
1135 3651 1292 3704 Phfid.
1307 3668 1358 3718 p.
1376 3654 1433 3705 61
1455 3669 1484 3704 e

457 3718 539 3770 bis
560 3720 626 3771 68
641 3734 689 3770 u.
704 3717 806 3770 Gic.
822 3718 928 3771 Cat.
940 3717 1008 3771 M.
1023 3721 1109 3785 20,
1122 3723 1211 3773 73:
1236 3724 1487 3787 vetatque

460 3860 538 3908 est
573 3854 684 3919 dei,
735 3855 799 3906 de
841 3857 1116 3922 praesidio
1159 3863 1212 3908 et
1252 3860 1484 3909 statione

1588 1546 1733 1594 vitae
1768 1449 2035 1595 decedere.
2095 1541 2440 1594 Vemchieden
2475 1542 2614 1593 hier-

1588 1627 1690 1662 von
1717 1626 1826 1662 war
1850 1611 1939 1663 der
1964 1610 2252 1663 Grundsatz
2278 1610 2368 1662 der
2385 1609 2615 1678 Stoiker,

1588 1678 1786 1730 welche
1807 1679 1906 1730 den
1918 1678 2238 1731 Selbstmord
2258 1678 2309 1729 in
2328 1678 2615 1730 besonders

1587 1746 1900 1812 dringenden
1936 1745 2110 1798 Pallen
2148 1747 2404 1812 billigten.

1655 1817 1703 1867 9.
1756 1830 1912 1880 saepe
1950 1815 2135 1866 multis
2157 1840 2225 1860 =
2249 1815 2449 1879 multis,
2486 1815 2620 1865 aliis

1586 1881 1695 1933 alio
1733 1887 1983 1948 tempore.
2043 1881 2112 1935 So
2148 1882 2211 1934 de
2237 1882 2322 1934 off.
2348 1882 2383 1937 1.
2409 1885 2493 1949 22,
2519 1885 2616 1934 ’ἵ4ε

1584 1949 1748 2001 Multi
1780 1951 1917 2001 bella
1942 1967 2097 2016 saepe
2121 1954 2469 2016 quaesierunt
2485 1967 2622 2018 pro-

1582 2022 1707 2084 pter·
1735 2018 1953 2083 gloriae
1988 2022 2352 2084 cupiditatem,

1587 2085 2621 2220 ...3²:322‘353552'22‘22122152253‘352‘21

1590 2222 1694 2275 Cic.
1730 2238 1827 2275 nur
1861 2223 1914 2273 in
1943 2223 2279 2288 Verbindung
2315 2224 2408 2273 mit
2443 2224 2619 2276 einem

1584 2289 1740 2411 fifon.
1766 2291 1899 2345 dem.
1928 2291 2051 2343 oder
2076 2305 2234 2356 pere.;
2272 2306 2331 2343 so
2363 2294 2449 2356 42,
2469 2295 2534 2345 99
2561 2309 2619 2345 u.

1658 2399 1780 2479 diz’cs
1796 2426 1981 2490 fidius,
2000 2442 2073 2479 sc.
2087 2428 2320 2493 adiuvet,
2337 2431 2622 2494 ursprung-

1586 2495 1691 2547 lich
1718 2496 1801 2548 ein
1826 2494 2197 2548 altlatinischer
2222 2493 2481 2562 Halbgott,
2515 2494 2619 2547 Be-

1588 2564 1827 2616 schutzer
1846 2564 1935 2616 der
1946 2562 2128 2627 'Pi-cue,
2149 2563 2263 2615 dem
2284 2563 2615 2616 sabinischen

1590 2631 1745 2684 Semo
1802 2631 1999 2684 Sancus
2065 2632 2438 2697 entsprechend
2504 2633 2617 2683 und

1589 2701 1762 2766 spaten-
1805 2700 1901 2751 mit
1942 2699 2059 2751 dem
2107 2700 2298 2765 griech.
2341 2699 2475 2750 Ζεὺς
2521 2706 2617 2751 πί-

1593 2784 1743 2819 στιος
1775 2766 2120 2820 identificiert.

1662 2839 1742 2890 10.
1762 2839 2064 2898 excesserit,
2085 2850 2126 2887 ε.
2152 2851 2196 2888 z.
2222 2838 2300 2901 13,
2320 2837 2409 2889 30:
2434 2838 2619 2886 sustu-

1591 2905 1721 2956 leris
1754 2903 1857 2955 und
1892 2904 1997 2969 vgl.
2024 2903 2081 2957 ll.
2109 2905 2275 2967 6‚16.·
2304 2903 2616 2969 pertulerit.

1661 2977 1741 3026 11.
1764 2973 1925 3037 [leges
1959 2975 2100 3023 enim
2130 2975 2348 3036 vetantJ,
2385 2987 2427 3026 s,
2448 2972 2496 3023 d.
2532 2970 2616 3024 kr.

1588 3042 1718 3093 Anh.
1777 3042 1893 3092 Aut
1914 3043 1979 3091 ab
2005 3041 2192 3106 aliqua
2226 3044 2490 3106 potestate
2525 3040 2615 3090 od.

1589 3108 1875 3175 uberhaupt
1899 3108 2075 3174 irgend
2115 3109 2367 3169 einer—3
2402 3107 2507 3174 vgl.
2531 3106 2615 3161 111.

1592 3180 1674 3241 14,
1699 3180 1788 3229 29:
1826 3180 1925 3227 aut
1957 3177 2197 3242 aliquam
2230 3175 2421 3228 molem
2453 3177 2615 3236 mali;

1587 3244 1655 3310 ip.
1683 3248 1760 3309 19,
1783 3247 1875 3297 44:
1924 3249 2024 3294 aut
2056 3245 2270 3310 aliquid
2300 3248 2415 3295 eius
2448 3243 2617 3297 modi.

1586 3312 1842 3379 Ubrigens
1878 3313 1946 3363 ist
1972 3317 2210 3379 potestas
2248 3312 2357 3364 hier
2392 3312 2443 3363 in
2479 3311 2615 3363 kon-

1587 3379 1785 3433 kretem
1831 3379 1989 3432 Sinne
2034 3404 2102 3424 =
2147 3379 2479 3432 Machthaber
2523 3395 2617 3445 ge-

1589 3450 1820 3512 braucht,
1857 3463 1964 3500 was
1994 3448 2273 3515 allerdings
2309 3455 2415 3500 eret
2439 3449 2618 3514 spater

1589 3516 2009 3582 gebrauchlicher
2022 3518 2300 3583 geworden
2320 3515 2614 3581 ist3jedoch

1589 3586 1784 3637 ebenso
1821 3585 1950 3637 auch
1976 3584 2040 3637 de
2064 3586 2164 3650 leg.
2190 3583 2225 3636 1.
2247 3589 2294 3648 7,
2316 3586 2407 3637 23:
2442 3585 2616 3636 isdem

1587 3656 1829 3719 imperiis
1841 3656 1892 3703 et
1906 3655 2260 3719 potestatibus
2263 3658 2489 3719 parent;
2504 3651 2615 3717 vgl.

1588 3720 1730 3774 ebds,
1753 3724 1870 3787 2‚4:
1909 3722 2091 3786 quoad
2122 3725 2174 3772 ei
2206 3722 2495 3788 (reipubl.)
2528 3737 2615 3772 re-

410 3787 802 3855 .-Pythagoras
818 3789 1028 3839 iniussu
1047 3790 1409 3855 imperatoris,
1425 3791 1488 3841 id
1582 3791 1729 3855 galis
1759 3794 2002 3857 potestas
2033 3788 2265 3855 profuit.

1660 3861 1737 3912 13.
1770 3862 2142 3910 commentatio
2178 3857 2333 3911 heisst
2367 3856 2459 3909 das
2494 3871 2614 3908 vor-
