<?xml version="1.0" encoding="UTF-8"?>
<!DOCTYPE html PUBLIC "-//W3C//DTD XHTML 1.0 Transitional//EN"
    "http://www.w3.org/TR/xhtml1/DTD/xhtml1-transitional.dtd">
<html xmlns="http://www.w3.org/1999/xhtml" xml:lang="en" lang="en">
 <head>
  <title>
</title>
<meta http-equiv="Content-Type" content="text/html;charset=utf-8" />
  <meta name='ocr-system' content='tesseract 3.04.00' />
  <meta name='ocr-capabilities' content='ocr_page ocr_carea ocr_par ocr_line ocrx_word'/>
</head>
<body>
  <div class='ocr_page' id='page_1' title='image "./mtulliiciceroni02sorogoog_0040.png"; bbox 0 0 2834 4317; ppageno 0'>
   <div class='ocr_carea' id='block_1_1' title="bbox 434 136 1852 202">
    <p class='ocr_par' dir='ltr' id='par_1_1' title="bbox 434 136 1852 202">
     <span class='ocr_line' id='line_1_1' title="bbox 434 136 1852 202; baseline -0.005 -6"><span class='ocrx_word' id='word_1_1' title='bbox 434 138 516 196; x_wconf 86' lang='lat'>34</span> <span class='ocrx_word' id='word_1_2' title='bbox 1171 136 1362 189; x_wconf 84' lang='lat' dir='ltr'>LIBER</span> <span class='ocrx_word' id='word_1_3' title='bbox 1394 137 1433 191; x_wconf 91' lang='lat'>1.</span> <span class='ocrx_word' id='word_1_4' title='bbox 1472 142 1522 202; x_wconf 84' lang='lat'>7,</span> <span class='ocrx_word' id='word_1_5' title='bbox 1561 141 1644 196; x_wconf 84' lang='lat'>13.</span> <span class='ocrx_word' id='word_1_6' title='bbox 1684 139 1732 202; x_wconf 91' lang='grc'>8,</span> <span class='ocrx_word' id='word_1_7' title='bbox 1773 140 1852 191; x_wconf 87' lang='lat'>15.</span> 
     </span>
    </p>
   </div>
   <div class='ocr_carea' id='block_1_2' title="bbox 248 308 2827 2005">
    <p class='ocr_par' dir='ltr' id='par_1_2' title="bbox 430 308 2602 560">
     <span class='ocr_line' id='line_1_2' title="bbox 430 308 2601 390; baseline -0 -17"><span class='ocrx_word' id='word_1_8' title='bbox 430 312 680 375; x_wconf 88' lang='lat' dir='ltr'>miseros</span> <span class='ocrx_word' id='word_1_9' title='bbox 709 319 883 390; x_wconf 85' lang='lat' dir='ltr'>putas</span> <span class='ocrx_word' id='word_1_10' title='bbox 912 308 1088 371; x_wconf 80' lang='lat' dir='ltr'>illos?</span> <span class='ocrx_word' id='word_1_11' title='bbox 1133 311 1199 371; x_wconf 98' lang='lat' dir='ltr'>A.</span> <span class='ocrx_word' id='word_1_12' title='bbox 1247 310 1543 381; x_wconf 82' lang='lat' dir='ltr'><strong>Quoniam</strong></span> <span class='ocrx_word' id='word_1_13' title='bbox 1574 326 1669 370; x_wconf 92' lang='lat' dir='ltr'>me</span> <span class='ocrx_word' id='word_1_14' title='bbox 1705 308 1887 370; x_wconf 89' lang='lat' dir='ltr'>verbo</span> <span class='ocrx_word' id='word_1_15' title='bbox 1919 309 2161 389; x_wconf 79' lang='lat' dir='ltr'>premiS,</span> <span class='ocrx_word' id='word_1_16' title='bbox 2191 309 2440 389; x_wconf 89' lang='lat' dir='ltr'>posthac</span> <span class='ocrx_word' id='word_1_17' title='bbox 2474 328 2601 372; x_wconf 91' lang='lat' dir='ltr'>non</span> 
     </span>
     <span class='ocr_line' id='line_1_3' title="bbox 434 393 2602 474; baseline 0 -17"><span class='ocrx_word' id='word_1_18' title='bbox 434 398 512 457; x_wconf 90' lang='lat' dir='ltr'>ita</span> <span class='ocrx_word' id='word_1_19' title='bbox 557 396 766 470; x_wconf 88' lang='lat' dir='ltr'>dicam,</span> <span class='ocrx_word' id='word_1_20' title='bbox 811 399 1052 457; x_wconf 78' lang='lat' dir='ltr'>miseros</span> <span class='ocrx_word' id='word_1_21' title='bbox 1081 414 1215 470; x_wconf 85' lang='lat' dir='ltr'>esse,</span> <span class='ocrx_word' id='word_1_22' title='bbox 1262 395 1368 457; x_wconf 90' lang='lat' dir='ltr'>sed</span> <span class='ocrx_word' id='word_1_23' title='bbox 1398 403 1653 466; x_wconf 85' lang='lat' dir='ltr'>tantum,</span> <span class='ocrx_word' id='word_1_24' title='bbox 1696 398 1954 465; x_wconf 83' lang='lat' dir='ltr'>miseros,</span> <span class='ocrx_word' id='word_1_25' title='bbox 2000 393 2075 454; x_wconf 91' lang='lat' dir='ltr'>ob</span> <span class='ocrx_word' id='word_1_26' title='bbox 2109 393 2169 454; x_wconf 93' lang='lat' dir='ltr'>id</span> <span class='ocrx_word' id='word_1_27' title='bbox 2200 394 2415 473; x_wconf 90' lang='lat' dir='ltr'>ipsum,</span> <span class='ocrx_word' id='word_1_28' title='bbox 2462 396 2602 474; x_wconf 88' lang='lat' dir='ltr'>quia</span> 
     </span>
     <span class='ocr_line' id='line_1_4' title="bbox 434 477 2602 560; baseline 0 -19"><span class='ocrx_word' id='word_1_29' title='bbox 434 501 556 543; x_wconf 91' lang='lat' dir='ltr'>non</span> <span class='ocrx_word' id='word_1_30' title='bbox 589 481 727 543; x_wconf 89' lang='lat' dir='ltr'>sint.</span> <span class='ocrx_word' id='word_1_31' title='bbox 782 480 865 541; x_wconf 89' lang='lat' dir='ltr'>M.</span> <span class='ocrx_word' id='word_1_32' title='bbox 898 480 1030 540; x_wconf 93' lang='lat' dir='ltr'>Non</span> <span class='ocrx_word' id='word_1_33' title='bbox 1065 480 1210 543; x_wconf 88' lang='lat' dir='ltr'>dicis</span> <span class='ocrx_word' id='word_1_34' title='bbox 1239 480 1455 560; x_wconf 82' lang='lat' dir='ltr'>igitur:</span> <span class='ocrx_word' id='word_1_35' title='bbox 1488 483 1664 541; x_wconf 82' lang='lat' dir='ltr'>miser</span> <span class='ocrx_word' id='word_1_36' title='bbox 1696 490 1775 540; x_wconf 84' lang='lat' dir='ltr'>est</span> <span class='ocrx_word' id='word_1_37' title='bbox 1800 478 1883 539; x_wconf 87' lang='grc' dir='ltr'>Μ.</span> <span class='ocrx_word' id='word_1_38' title='bbox 1923 477 2180 553; x_wconf 75' lang='lat' dir='ltr'><strong><em>Crassus,</em></strong></span> <span class='ocrx_word' id='word_1_39' title='bbox 2211 479 2315 540; x_wconf 91' lang='lat' dir='ltr'>sed</span> <span class='ocrx_word' id='word_1_40' title='bbox 2344 488 2602 556; x_wconf 87' lang='lat' dir='ltr'>tantum,</span> 
     </span>
    </p>

    <p class='ocr_par' dir='ltr' id='par_1_3' title="bbox 291 554 2827 1666">
     <span class='ocr_line' id='line_1_5' title="bbox 291 554 2602 645; baseline 0.002 -22"><span class='ocrx_word' id='word_1_41' title='bbox 291 554 387 624; x_wconf 75' lang='lat' dir='ltr'>‘l&#39;4</span> <span class='ocrx_word' id='word_1_42' title='bbox 428 572 605 629; x_wconf 82' lang='lat' dir='ltr'>miser</span> <span class='ocrx_word' id='word_1_43' title='bbox 633 565 718 627; x_wconf 88' lang='lat' dir='ltr'>M.</span> <span class='ocrx_word' id='word_1_44' title='bbox 747 564 1013 627; x_wconf 77' lang='lat' dir='ltr'><strong><em>Crassus.</em></strong></span> <span class='ocrx_word' id='word_1_45' title='bbox 1061 565 1128 627; x_wconf 89' lang='lat' dir='ltr'>A.</span> <span class='ocrx_word' id='word_1_46' title='bbox 1158 566 1246 626; x_wconf 91' lang='lat' dir='ltr'>Ita</span> <span class='ocrx_word' id='word_1_47' title='bbox 1275 565 1470 645; x_wconf 89' lang='lat' dir='ltr'>plane.</span> <span class='ocrx_word' id='word_1_48' title='bbox 1533 563 1615 625; x_wconf 88' lang='lat' dir='ltr'>M.</span> <span class='ocrx_word' id='word_1_49' title='bbox 1648 564 1830 636; x_wconf 84' lang='lat' dir='ltr'>Quasi</span> <span class='ocrx_word' id='word_1_50' title='bbox 1864 583 1987 625; x_wconf 90' lang='lat' dir='ltr'>non</span> <span class='ocrx_word' id='word_1_51' title='bbox 2022 582 2266 626; x_wconf 89' lang='lat' dir='ltr'>necesse</span> <span class='ocrx_word' id='word_1_52' title='bbox 2297 565 2393 638; x_wconf 84' lang='lat' dir='ltr'>sit,</span> <span class='ocrx_word' id='word_1_53' title='bbox 2428 566 2602 645; x_wconf 93' lang='lat' dir='ltr'>quic-</span> 
     </span>
     <span class='ocr_line' id='line_1_6' title="bbox 431 651 2695 732; baseline -0.001 -19"><span class='ocrx_word' id='word_1_54' title='bbox 431 652 577 732; x_wconf 88' lang='lat' dir='ltr'>quid</span> <span class='ocrx_word' id='word_1_55' title='bbox 607 652 721 713; x_wconf 92' lang='lat' dir='ltr'>isto</span> <span class='ocrx_word' id='word_1_56' title='bbox 753 651 931 712; x_wconf 89' lang='lat' dir='ltr'>modo</span> <span class='ocrx_word' id='word_1_57' title='bbox 960 651 1338 731; x_wconf 84' lang='lat' dir='ltr'>pronunties,</span> <span class='ocrx_word' id='word_1_58' title='bbox 1369 651 1427 712; x_wconf 92' lang='lat' dir='ltr'>id</span> <span class='ocrx_word' id='word_1_59' title='bbox 1460 657 1561 711; x_wconf 88' lang='lat' dir='ltr'>aut</span> <span class='ocrx_word' id='word_1_60' title='bbox 1589 668 1720 712; x_wconf 89' lang='lat' dir='ltr'>esse</span> <span class='ocrx_word' id='word_1_61' title='bbox 1749 657 1853 710; x_wconf 88' lang='lat' dir='ltr'>aut</span> <span class='ocrx_word' id='word_1_62' title='bbox 1883 668 2006 710; x_wconf 92' lang='lat' dir='ltr'>non</span> <span class='ocrx_word' id='word_1_63' title='bbox 2039 667 2189 711; x_wconf 89' lang='lat' dir='ltr'>esse.</span> <span class='ocrx_word' id='word_1_64' title='bbox 2250 653 2339 711; x_wconf 89' lang='lat' dir='ltr'>An</span> <span class='ocrx_word' id='word_1_65' title='bbox 2374 657 2439 711; x_wconf 90' lang='lat' dir='ltr'>tu</span> <span class='ocrx_word' id='word_1_66' title='bbox 2473 651 2600 712; x_wconf 89' lang='lat' dir='ltr'>dia·</span> <span class='ocrx_word' id='word_1_67' title='bbox 2652 662 2695 710; x_wconf 87' lang='lat'>5</span> 
     </span>
     <span class='ocr_line' id='line_1_7' title="bbox 432 733 2597 815; baseline -0 -17"><span class='ocrx_word' id='word_1_68' title='bbox 432 737 658 798; x_wconf 81' lang='lat' dir='ltr'>lecticis</span> <span class='ocrx_word' id='word_1_69' title='bbox 688 755 766 798; x_wconf 92' lang='lat' dir='ltr'>ne</span> <span class='ocrx_word' id='word_1_70' title='bbox 810 736 1074 798; x_wconf 89' lang='lat' dir='ltr'>imbutus</span> <span class='ocrx_word' id='word_1_71' title='bbox 1117 736 1359 815; x_wconf 87' lang='lat' dir='ltr'>quidem</span> <span class='ocrx_word' id='word_1_72' title='bbox 1404 733 1516 797; x_wconf 74' lang='lat' dir='ltr'>es?</span> <span class='ocrx_word' id='word_1_73' title='bbox 1587 734 1656 795; x_wconf 91' lang='lat' dir='ltr'>ln</span> <span class='ocrx_word' id='word_1_74' title='bbox 1704 734 1912 814; x_wconf 89' lang='lat' dir='ltr'>primis</span> <span class='ocrx_word' id='word_1_75' title='bbox 1956 735 2116 795; x_wconf 89' lang='lat' dir='ltr'>enim</span> <span class='ocrx_word' id='word_1_76' title='bbox 2162 735 2279 795; x_wconf 90' lang='lat' dir='ltr'>hoc</span> <span class='ocrx_word' id='word_1_77' title='bbox 2309 737 2597 797; x_wconf 82' lang='lat' dir='ltr'>traditur:</span> 
     </span>
     <span class='ocr_line' id='line_1_8' title="bbox 434 820 2603 901; baseline 0 -18"><span class='ocrx_word' id='word_1_78' title='bbox 434 842 612 883; x_wconf 91' lang='lat' dir='ltr'>omne</span> <span class='ocrx_word' id='word_1_79' title='bbox 643 822 1095 901; x_wconf 88' lang='lat' dir='ltr'>pronuntiatum</span> <span class='ocrx_word' id='word_1_80' title='bbox 1127 854 1212 868; x_wconf 92' lang='lat'>--</span> <span class='ocrx_word' id='word_1_81' title='bbox 1239 822 1326 883; x_wconf 91' lang='lat' dir='ltr'>sic</span> <span class='ocrx_word' id='word_1_82' title='bbox 1356 822 1519 882; x_wconf 91' lang='lat' dir='ltr'>enim</span> <span class='ocrx_word' id='word_1_83' title='bbox 1549 820 1693 881; x_wconf 90' lang='lat' dir='ltr'>mihi</span> <span class='ocrx_word' id='word_1_84' title='bbox 1737 820 1800 880; x_wconf 92' lang='lat' dir='ltr'>in</span> <span class='ocrx_word' id='word_1_85' title='bbox 1847 820 2183 899; x_wconf 90' lang='lat' dir='ltr'>praesentia</span> <span class='ocrx_word' id='word_1_86' title='bbox 2229 821 2491 881; x_wconf 88' lang='lat' dir='ltr'>occurrit</span> <span class='ocrx_word' id='word_1_87' title='bbox 2535 829 2603 883; x_wconf 90' lang='lat' dir='ltr'>ut</span> 
     </span>
     <span class='ocr_line' id='line_1_9' title="bbox 433 897 2597 988; baseline -0 -21"><span class='ocrx_word' id='word_1_88' title='bbox 433 907 794 988; x_wconf 80' lang='lat' dir='ltr'>appellarem</span> <span class='ocrx_word' id='word_1_89' title='bbox 841 897 1138 987; x_wconf 72' lang='grc' dir='ltr'><strong><em>ᾆξίωμαε</em></strong></span> <span class='ocrx_word' id='word_1_90' title='bbox 1186 914 1321 968; x_wconf 82' lang='lat' dir='ltr'>utar</span> <span class='ocrx_word' id='word_1_91' title='bbox 1363 914 1502 987; x_wconf 89' lang='lat' dir='ltr'>post</span> <span class='ocrx_word' id='word_1_92' title='bbox 1546 905 1679 980; x_wconf 91' lang='lat' dir='ltr'>alio,</span> <span class='ocrx_word' id='word_1_93' title='bbox 1726 905 1775 967; x_wconf 90' lang='lat' dir='ltr'>si</span> <span class='ocrx_word' id='word_1_94' title='bbox 1820 905 2108 966; x_wconf 88' lang='lat' dir='ltr'>invenero</span> <span class='ocrx_word' id='word_1_95' title='bbox 2154 905 2365 966; x_wconf 88' lang='lat' dir='ltr'>melius</span> <span class='ocrx_word' id='word_1_96' title='bbox 2408 940 2492 950; x_wconf 89' lang='lat'>—</span> <span class='ocrx_word' id='word_1_97' title='bbox 2535 906 2597 966; x_wconf 92' lang='lat' dir='ltr'>id</span> 
     </span>
     <span class='ocr_line' id='line_1_10' title="bbox 435 990 2826 1072; baseline -0.003 -18"><span class='ocrx_word' id='word_1_98' title='bbox 435 1012 578 1072; x_wconf 85' lang='lat' dir='ltr'>ergo</span> <span class='ocrx_word' id='word_1_99' title='bbox 610 999 700 1054; x_wconf 89' lang='lat' dir='ltr'>est</span> <span class='ocrx_word' id='word_1_100' title='bbox 729 992 1206 1071; x_wconf 89' lang='lat' dir='ltr'>pronuntiatum,</span> <span class='ocrx_word' id='word_1_101' title='bbox 1255 992 1415 1071; x_wconf 92' lang='lat' dir='ltr'>quod</span> <span class='ocrx_word' id='word_1_102' title='bbox 1447 1002 1536 1053; x_wconf 89' lang='lat' dir='ltr'>est</span> <span class='ocrx_word' id='word_1_103' title='bbox 1564 1008 1766 1052; x_wconf 86' lang='lat' dir='ltr'>verum</span> <span class='ocrx_word' id='word_1_104' title='bbox 1800 999 1904 1051; x_wconf 88' lang='lat' dir='ltr'>aut</span> <span class='ocrx_word' id='word_1_105' title='bbox 1945 990 2178 1051; x_wconf 85' lang='lat' dir='ltr'>falsum.</span> <span class='ocrx_word' id='word_1_106' title='bbox 2239 990 2385 1051; x_wconf 93' lang='lat' dir='ltr'>Cum</span> <span class='ocrx_word' id='word_1_107' title='bbox 2414 991 2598 1070; x_wconf 84' lang='lat' dir='ltr'>igitur</span> <span class='ocrx_word' id='word_1_108' title='bbox 2825 1041 2826 1046; x_wconf 73' lang='grc'><strong>,</strong></span> 
     </span>
     <span class='ocr_line' id='line_1_11' title="bbox 434 1073 2728 1149; baseline -0.002 -11"><span class='ocrx_word' id='word_1_109' title='bbox 434 1077 612 1139; x_wconf 87' lang='lat' dir='ltr'>dicis:</span> <span class='ocrx_word' id='word_1_110' title='bbox 657 1081 836 1139; x_wconf 76' lang='lat' dir='ltr'>miser</span> <span class='ocrx_word' id='word_1_111' title='bbox 881 1076 965 1137; x_wconf 95' lang='lat' dir='ltr'>M.</span> <span class='ocrx_word' id='word_1_112' title='bbox 1018 1076 1288 1149; x_wconf 80' lang='lat' dir='ltr'>Crassus,</span> <span class='ocrx_word' id='word_1_113' title='bbox 1349 1084 1452 1137; x_wconf 90' lang='lat' dir='ltr'>aut</span> <span class='ocrx_word' id='word_1_114' title='bbox 1493 1076 1609 1137; x_wconf 90' lang='lat' dir='ltr'>hoc</span> <span class='ocrx_word' id='word_1_115' title='bbox 1653 1075 1831 1137; x_wconf 84' lang='lat' dir='ltr'>dicis:</span> <span class='ocrx_word' id='word_1_116' title='bbox 1882 1081 2057 1137; x_wconf 82' lang='lat' dir='ltr'>miser</span> <span class='ocrx_word' id='word_1_117' title='bbox 2099 1084 2181 1136; x_wconf 84' lang='lat' dir='ltr'>est</span> <span class='ocrx_word' id='word_1_118' title='bbox 2229 1073 2487 1147; x_wconf 80' lang='lat' dir='ltr'><strong><em>Crassus,</em></strong></span> <span class='ocrx_word' id='word_1_119' title='bbox 2533 1084 2600 1136; x_wconf 89' lang='lat' dir='ltr'>ut</span> <span class='ocrx_word' id='word_1_120' title='bbox 2649 1085 2728 1135; x_wconf 86' lang='lat'>10</span> 
     </span>
     <span class='ocr_line' id='line_1_12' title="bbox 434 1159 2826 1244; baseline -0.001 -20"><span class='ocrx_word' id='word_1_121' title='bbox 434 1164 625 1244; x_wconf 87' lang='lat' dir='ltr'>possit</span> <span class='ocrx_word' id='word_1_122' title='bbox 651 1162 898 1224; x_wconf 88' lang='lat' dir='ltr'>iudicari</span> <span class='ocrx_word' id='word_1_123' title='bbox 925 1182 1133 1224; x_wconf 83' lang='lat' dir='ltr'>verum</span> <span class='ocrx_word' id='word_1_124' title='bbox 1162 1162 1219 1222; x_wconf 95' lang='lat' dir='ltr'>id</span> <span class='ocrx_word' id='word_1_125' title='bbox 1252 1162 1547 1224; x_wconf 87' lang='lat' dir='ltr'>falsumne</span> <span class='ocrx_word' id='word_1_126' title='bbox 1577 1160 1671 1235; x_wconf 92' lang='lat' dir='ltr'>sit,</span> <span class='ocrx_word' id='word_1_127' title='bbox 1723 1170 1825 1221; x_wconf 88' lang='lat' dir='ltr'>aut</span> <span class='ocrx_word' id='word_1_128' title='bbox 1857 1161 2005 1222; x_wconf 88' lang='lat' dir='ltr'>nihil</span> <span class='ocrx_word' id='word_1_129' title='bbox 2034 1160 2181 1221; x_wconf 89' lang='lat' dir='ltr'>dicis</span> <span class='ocrx_word' id='word_1_130' title='bbox 2211 1161 2479 1222; x_wconf 89' lang='lat' dir='ltr'>omnino.</span> <span class='ocrx_word' id='word_1_131' title='bbox 2531 1160 2600 1222; x_wconf 91' lang='lat' dir='ltr'>A.</span> <span class='ocrx_word' id='word_1_132' title='bbox 2825 1159 2826 1162; x_wconf 71' lang='grc'>’</span> 
     </span>
     <span class='ocr_line' id='line_1_13' title="bbox 435 1243 2602 1327; baseline -0.002 -17"><span class='ocrx_word' id='word_1_133' title='bbox 435 1250 559 1327; x_wconf 81' lang='lat' dir='ltr'>Age</span> <span class='ocrx_word' id='word_1_134' title='bbox 589 1248 706 1309; x_wconf 88' lang='lat' dir='ltr'>iam</span> <span class='ocrx_word' id='word_1_135' title='bbox 737 1248 1002 1310; x_wconf 92' lang='lat' dir='ltr'>concedo</span> <span class='ocrx_word' id='word_1_136' title='bbox 1035 1267 1160 1309; x_wconf 94' lang='lat' dir='ltr'>non</span> <span class='ocrx_word' id='word_1_137' title='bbox 1192 1266 1321 1309; x_wconf 88' lang='lat' dir='ltr'>esse</span> <span class='ocrx_word' id='word_1_138' title='bbox 1351 1248 1621 1321; x_wconf 77' lang='lat' dir='ltr'>miseroS,</span> <span class='ocrx_word' id='word_1_139' title='bbox 1653 1245 1755 1326; x_wconf 89' lang='lat' dir='ltr'>qui</span> <span class='ocrx_word' id='word_1_140' title='bbox 1777 1246 1999 1307; x_wconf 87' lang='lat' dir='ltr'>mortui</span> <span class='ocrx_word' id='word_1_141' title='bbox 2022 1246 2160 1320; x_wconf 89' lang='lat' dir='ltr'>sint,</span> <span class='ocrx_word' id='word_1_142' title='bbox 2185 1243 2466 1325; x_wconf 89' lang='lat' dir='ltr'>quoniam</span> <span class='ocrx_word' id='word_1_143' title='bbox 2497 1264 2602 1306; x_wconf 84' lang='lat' dir='ltr'>ex-</span> 
     </span>
     <span class='ocr_line' id='line_1_14' title="bbox 438 1331 2602 1412; baseline -0.002 -17"><span class='ocrx_word' id='word_1_144' title='bbox 438 1333 661 1396; x_wconf 87' lang='lat' dir='ltr'>torsisti</span> <span class='ocrx_word' id='word_1_145' title='bbox 690 1341 758 1395; x_wconf 93' lang='lat' dir='ltr'>ut</span> <span class='ocrx_word' id='word_1_146' title='bbox 787 1334 1023 1408; x_wconf 82' lang='lat' dir='ltr'>faterer,</span> <span class='ocrx_word' id='word_1_147' title='bbox 1069 1333 1171 1412; x_wconf 90' lang='lat' dir='ltr'>qui</span> <span class='ocrx_word' id='word_1_148' title='bbox 1218 1333 1467 1394; x_wconf 90' lang='lat' dir='ltr'>omnino</span> <span class='ocrx_word' id='word_1_149' title='bbox 1499 1351 1621 1394; x_wconf 91' lang='lat' dir='ltr'>non</span> <span class='ocrx_word' id='word_1_150' title='bbox 1655 1339 1874 1404; x_wconf 86' lang='lat' dir='ltr'>essent,</span> <span class='ocrx_word' id='word_1_151' title='bbox 1920 1350 2023 1393; x_wconf 89' lang='lat' dir='ltr'>eos</span> <span class='ocrx_word' id='word_1_152' title='bbox 2069 1350 2146 1392; x_wconf 90' lang='lat' dir='ltr'>ne</span> <span class='ocrx_word' id='word_1_153' title='bbox 2183 1332 2433 1393; x_wconf 88' lang='lat' dir='ltr'>miseros</span> <span class='ocrx_word' id='word_1_154' title='bbox 2466 1331 2602 1410; x_wconf 88' lang='lat' dir='ltr'>qui-</span> 
     </span>
     <span class='ocr_line' id='line_1_15' title="bbox 438 1416 2601 1497; baseline -0.001 -18"><span class='ocrx_word' id='word_1_155' title='bbox 438 1421 571 1480; x_wconf 91' lang='lat' dir='ltr'>dem</span> <span class='ocrx_word' id='word_1_156' title='bbox 603 1437 731 1480; x_wconf 89' lang='lat' dir='ltr'>esse</span> <span class='ocrx_word' id='word_1_157' title='bbox 761 1437 958 1497; x_wconf 89' lang='lat' dir='ltr'>posse.</span> <span class='ocrx_word' id='word_1_158' title='bbox 1021 1416 1226 1490; x_wconf 76' lang='lat' dir='ltr'>Quid?</span> <span class='ocrx_word' id='word_1_159' title='bbox 1256 1418 1362 1497; x_wconf 89' lang='lat' dir='ltr'>qui</span> <span class='ocrx_word' id='word_1_160' title='bbox 1391 1418 1658 1490; x_wconf 84' lang='lat' dir='ltr'>vivimus,</span> <span class='ocrx_word' id='word_1_161' title='bbox 1690 1435 1826 1477; x_wconf 93' lang='lat' dir='ltr'>cum</span> <span class='ocrx_word' id='word_1_162' title='bbox 1858 1417 2232 1477; x_wconf 89' lang='lat' dir='ltr'>moriendum</span> <span class='ocrx_word' id='word_1_163' title='bbox 2264 1417 2359 1490; x_wconf 93' lang='lat' dir='ltr'>sit,</span> <span class='ocrx_word' id='word_1_164' title='bbox 2391 1435 2601 1477; x_wconf 92' lang='lat' dir='ltr'>nonne</span> 
     </span>
     <span class='ocr_line' id='line_1_16' title="bbox 436 1500 2726 1582; baseline -0.002 -18"><span class='ocrx_word' id='word_1_165' title='bbox 436 1503 639 1564; x_wconf 86' lang='lat' dir='ltr'>miseri</span> <span class='ocrx_word' id='word_1_166' title='bbox 668 1501 920 1564; x_wconf 75' lang='lat' dir='ltr'>sumus?</span> <span class='ocrx_word' id='word_1_167' title='bbox 950 1521 1102 1582; x_wconf 89' lang='lat' dir='ltr'>quae</span> <span class='ocrx_word' id='word_1_168' title='bbox 1133 1503 1293 1564; x_wconf 89' lang='lat' dir='ltr'>enim</span> <span class='ocrx_word' id='word_1_169' title='bbox 1326 1510 1524 1581; x_wconf 89' lang='lat' dir='ltr'>potest</span> <span class='ocrx_word' id='word_1_170' title='bbox 1544 1504 1605 1563; x_wconf 92' lang='lat' dir='ltr'>in</span> <span class='ocrx_word' id='word_1_171' title='bbox 1625 1502 1741 1562; x_wconf 88' lang='lat' dir='ltr'>vita</span> <span class='ocrx_word' id='word_1_172' title='bbox 1767 1521 1898 1563; x_wconf 89' lang='lat' dir='ltr'>esse</span> <span class='ocrx_word' id='word_1_173' title='bbox 1928 1502 2282 1574; x_wconf 79' lang='lat' dir='ltr'>iucunditaS,</span> <span class='ocrx_word' id='word_1_174' title='bbox 2314 1520 2452 1563; x_wconf 92' lang='lat' dir='ltr'>cum</span> <span class='ocrx_word' id='word_1_175' title='bbox 2474 1500 2601 1564; x_wconf 90' lang='lat' dir='ltr'>dies</span> <span class='ocrx_word' id='word_1_176' title='bbox 2657 1512 2726 1560; x_wconf 84' lang='lat'>15</span> 
     </span>
     <span class='ocr_line' id='line_1_17' title="bbox 440 1583 2827 1666; baseline -0.001 -16"><span class='ocrx_word' id='word_1_177' title='bbox 440 1597 499 1650; x_wconf 91' lang='lat' dir='ltr'>et</span> <span class='ocrx_word' id='word_1_178' title='bbox 531 1588 725 1649; x_wconf 88' lang='lat' dir='ltr'>noctis</span> <span class='ocrx_word' id='word_1_179' title='bbox 755 1587 1138 1666; x_wconf 84' lang='lat' dir='ltr'>cogitandum</span> <span class='ocrx_word' id='word_1_180' title='bbox 1166 1586 1244 1648; x_wconf 92' lang='lat' dir='ltr'>sit</span> <span class='ocrx_word' id='word_1_181' title='bbox 1272 1587 1387 1647; x_wconf 89' lang='lat' dir='ltr'>iam</span> <span class='ocrx_word' id='word_1_182' title='bbox 1418 1588 1656 1665; x_wconf 89' lang='lat' dir='ltr'>iamque</span> <span class='ocrx_word' id='word_1_183' title='bbox 1686 1604 1816 1647; x_wconf 91' lang='lat' dir='ltr'>esse</span> <span class='ocrx_word' id='word_1_184' title='bbox 1847 1583 2268 1648; x_wconf 75' lang='lat' dir='ltr'>moriendum?</span> <span class='ocrx_word' id='word_1_185' title='bbox 2817 1583 2827 1594; x_wconf 81' lang='grc'><em>“</em></span> 
     </span>
    </p>

    <p class='ocr_par' dir='ltr' id='par_1_4' title="bbox 248 1670 2607 1829">
     <span class='ocr_line' id='line_1_18' title="bbox 248 1670 2604 1751; baseline -0.001 -16"><span class='ocrx_word' id='word_1_186' title='bbox 248 1684 324 1735; x_wconf 60' lang='lat' dir='ltr'>kt&gt;</span> <span class='ocrx_word' id='word_1_187' title='bbox 352 1674 410 1729; x_wconf 78' lang='lat'>‚8</span> <span class='ocrx_word' id='word_1_188' title='bbox 618 1671 700 1732; x_wconf 87' lang='grc' dir='ltr'>Μ.</span> <span class='ocrx_word' id='word_1_189' title='bbox 734 1672 819 1732; x_wconf 86' lang='lat' dir='ltr'>Ec</span> <span class='ocrx_word' id='word_1_190' title='bbox 862 1672 964 1733; x_wconf 91' lang='lat' dir='ltr'>uid</span> <span class='ocrx_word' id='word_1_191' title='bbox 995 1690 1138 1751; x_wconf 86' lang='lat' dir='ltr'>ergo</span> <span class='ocrx_word' id='word_1_192' title='bbox 1171 1670 1469 1750; x_wconf 86' lang='lat' dir='ltr'>intellegis</span> <span class='ocrx_word' id='word_1_193' title='bbox 1513 1680 1801 1750; x_wconf 89' lang='lat' dir='ltr'>quantum</span> <span class='ocrx_word' id='word_1_194' title='bbox 1846 1670 1983 1731; x_wconf 88' lang='lat' dir='ltr'>mali</span> <span class='ocrx_word' id='word_1_195' title='bbox 2030 1672 2102 1733; x_wconf 94' lang='lat' dir='ltr'>de</span> <span class='ocrx_word' id='word_1_196' title='bbox 2146 1671 2410 1733; x_wconf 90' lang='lat' dir='ltr'>humana</span> <span class='ocrx_word' id='word_1_197' title='bbox 2455 1690 2604 1732; x_wconf 91' lang='lat' dir='ltr'>con-</span> 
     </span>
     <span class='ocr_line' id='line_1_19' title="bbox 339 1691 2607 1829; baseline 0.002 -17"><span class='ocrx_word' id='word_1_198' title='bbox 339 1764 396 1813; x_wconf 85' lang='lat'>15</span> <span class='ocrx_word' id='word_1_199' title='bbox 442 1757 678 1818; x_wconf 90' lang='lat' dir='ltr'>dicione</span> <span class='ocrx_word' id='word_1_200' title='bbox 725 1691 1053 1818; x_wconf 53' lang='lat' dir='ltr'>ddigffiis?</span> <span class='ocrx_word' id='word_1_201' title='bbox 1111 1757 1178 1818; x_wconf 92' lang='lat' dir='ltr'>A.</span> <span class='ocrx_word' id='word_1_202' title='bbox 1212 1755 1489 1827; x_wconf 92' lang='lat' dir='ltr'>Quonam</span> <span class='ocrx_word' id='word_1_203' title='bbox 1522 1752 1741 1817; x_wconf 74' lang='lat' dir='ltr'>modo?</span> <span class='ocrx_word' id='word_1_204' title='bbox 1802 1755 1886 1816; x_wconf 93' lang='lat' dir='ltr'>M.</span> <span class='ocrx_word' id='word_1_205' title='bbox 1933 1756 2103 1829; x_wconf 87' lang='lat' dir='ltr'>Quia,</span> <span class='ocrx_word' id='word_1_206' title='bbox 2148 1758 2197 1818; x_wconf 89' lang='lat' dir='ltr'>si</span> <span class='ocrx_word' id='word_1_207' title='bbox 2241 1757 2395 1818; x_wconf 85' lang='lat' dir='ltr'>mori</span> <span class='ocrx_word' id='word_1_208' title='bbox 2427 1757 2607 1818; x_wconf 88' lang='lat' dir='ltr'>etiam</span> 
     </span>
    </p>

    <p class='ocr_par' dir='ltr' id='par_1_5' title="bbox 440 1839 2731 2005">
     <span class='ocr_line' id='line_1_20' title="bbox 442 1839 2611 1922; baseline -0 -20"><span class='ocrx_word' id='word_1_209' title='bbox 442 1842 694 1903; x_wconf 87' lang='lat' dir='ltr'>mortuis</span> <span class='ocrx_word' id='word_1_210' title='bbox 723 1841 1006 1903; x_wconf 86' lang='lat' dir='ltr'>miserum</span> <span class='ocrx_word' id='word_1_211' title='bbox 1038 1851 1220 1913; x_wconf 88' lang='lat' dir='ltr'>esset,</span> <span class='ocrx_word' id='word_1_212' title='bbox 1264 1841 1565 1901; x_wconf 86' lang='lat' dir='ltr'>infinitum</span> <span class='ocrx_word' id='word_1_213' title='bbox 1598 1839 1891 1919; x_wconf 90' lang='lat' dir='ltr'>quoddam</span> <span class='ocrx_word' id='word_1_214' title='bbox 1923 1851 1982 1902; x_wconf 90' lang='lat' dir='ltr'>et</span> <span class='ocrx_word' id='word_1_215' title='bbox 2018 1842 2450 1922; x_wconf 86' lang='lat' dir='ltr'>sempiternum</span> <span class='ocrx_word' id='word_1_216' title='bbox 2480 1859 2611 1902; x_wconf 89' lang='lat' dir='ltr'>ma-</span> 
     </span>
     <span class='ocr_line' id='line_1_21' title="bbox 440 1924 2731 2005; baseline -0.001 -17"><span class='ocrx_word' id='word_1_217' title='bbox 440 1928 562 1988; x_wconf 90' lang='lat' dir='ltr'>lum</span> <span class='ocrx_word' id='word_1_218' title='bbox 596 1926 948 1992; x_wconf 87' lang='lat' dir='ltr'>haberemus</span> <span class='ocrx_word' id='word_1_219' title='bbox 993 1927 1055 1988; x_wconf 90' lang='lat' dir='ltr'>in</span> <span class='ocrx_word' id='word_1_220' title='bbox 1100 1926 1247 2000; x_wconf 82' lang='lat' dir='ltr'>vita3</span> <span class='ocrx_word' id='word_1_221' title='bbox 1294 1944 1460 1987; x_wconf 89' lang='lat' dir='ltr'>nunc</span> <span class='ocrx_word' id='word_1_222' title='bbox 1504 1924 1673 1986; x_wconf 82' lang='lat' dir='ltr'>video</span> <span class='ocrx_word' id='word_1_223' title='bbox 1721 1925 1965 1998; x_wconf 80' lang='lat' dir='ltr'>calcem,</span> <span class='ocrx_word' id='word_1_224' title='bbox 2010 1928 2082 1988; x_wconf 89' lang='lat' dir='ltr'>ad</span> <span class='ocrx_word' id='word_1_225' title='bbox 2129 1945 2305 2005; x_wconf 89' lang='lat' dir='ltr'>quam</span> <span class='ocrx_word' id='word_1_226' title='bbox 2351 1945 2483 1988; x_wconf 91' lang='lat' dir='ltr'>cum</span> <span class='ocrx_word' id='word_1_227' title='bbox 2529 1927 2617 1988; x_wconf 91' lang='lat' dir='ltr'>sit</span> <span class='ocrx_word' id='word_1_228' title='bbox 2663 1936 2731 1985; x_wconf 83' lang='lat'>20</span> 
     </span>
    </p>
   </div>
   <div class='ocr_carea' id='block_1_3' title="bbox 441 2108 1479 2652">
    <p class='ocr_par' dir='ltr' id='par_1_6' title="bbox 441 2108 1479 2516">
     <span class='ocr_line' id='line_1_22' title="bbox 442 2108 1473 2162; baseline -0.001 0"><span class='ocrx_word' id='word_1_229' title='bbox 442 2109 784 2162; x_wconf 82' lang='lat' dir='ltr'>Geschlechte</span> <span class='ocrx_word' id='word_1_230' title='bbox 819 2124 991 2161; x_wconf 81' lang='lat' dir='ltr'>waren</span> <span class='ocrx_word' id='word_1_231' title='bbox 1029 2109 1088 2161; x_wconf 91' lang='lat' dir='ltr'>L.</span> <span class='ocrx_word' id='word_1_232' title='bbox 1122 2108 1342 2162; x_wconf 68' lang='lat' dir='ltr'>Cacilius</span> <span class='ocrx_word' id='word_1_233' title='bbox 1366 2108 1473 2161; x_wconf 89' lang='lat' dir='ltr'>Me-</span> 
     </span>
     <span class='ocr_line' id='line_1_23' title="bbox 441 2176 1476 2241; baseline -0.001 -11"><span class='ocrx_word' id='word_1_234' title='bbox 441 2177 623 2241; x_wconf 87' lang='lat' dir='ltr'>tellus,</span> <span class='ocrx_word' id='word_1_235' title='bbox 669 2176 760 2229; x_wconf 83' lang='lat' dir='ltr'>der</span> <span class='ocrx_word' id='word_1_236' title='bbox 805 2180 903 2230; x_wconf 86' lang='lat'>250</span> <span class='ocrx_word' id='word_1_237' title='bbox 949 2177 1026 2230; x_wconf 87' lang='lat' dir='ltr'>als</span> <span class='ocrx_word' id='word_1_238' title='bbox 1063 2176 1354 2229; x_wconf 88' lang='lat' dir='ltr'>Prokonsul</span> <span class='ocrx_word' id='word_1_239' title='bbox 1389 2177 1476 2229; x_wconf 89' lang='lat' dir='ltr'>bei</span> 
     </span>
     <span class='ocr_line' id='line_1_24' title="bbox 441 2244 1477 2310; baseline 0.001 -14"><span class='ocrx_word' id='word_1_240' title='bbox 441 2244 726 2298; x_wconf 80' lang='lat' dir='ltr'>Panormus</span> <span class='ocrx_word' id='word_1_241' title='bbox 780 2245 878 2298; x_wconf 90' lang='lat' dir='ltr'>den</span> <span class='ocrx_word' id='word_1_242' title='bbox 931 2244 1218 2297; x_wconf 82' lang='lat' dir='ltr'>Hasdrubal</span> <span class='ocrx_word' id='word_1_243' title='bbox 1277 2245 1477 2310; x_wconf 80' lang='lat' dir='ltr'>schlug‚</span> 
     </span>
     <span class='ocr_line' id='line_1_25' title="bbox 442 2311 1477 2377; baseline -0.001 -11"><span class='ocrx_word' id='word_1_244' title='bbox 442 2314 502 2376; x_wconf 82' lang='lat' dir='ltr'>Q.</span> <span class='ocrx_word' id='word_1_245' title='bbox 541 2314 762 2366; x_wconf 69' lang='lat' dir='ltr'>cacilius</span> <span class='ocrx_word' id='word_1_246' title='bbox 805 2313 1046 2367; x_wconf 87' lang='lat' dir='ltr'>Metellus</span> <span class='ocrx_word' id='word_1_247' title='bbox 1092 2311 1477 2377; x_wconf 73' lang='lat' dir='ltr'>MacedonicuS,</span> 
     </span>
     <span class='ocr_line' id='line_1_26' title="bbox 443 2380 1479 2448; baseline 0.001 -14"><span class='ocrx_word' id='word_1_248' title='bbox 443 2382 640 2435; x_wconf 88' lang='lat' dir='ltr'>Konsul</span> <span class='ocrx_word' id='word_1_249' title='bbox 680 2385 805 2448; x_wconf 85' lang='lat'>143,</span> <span class='ocrx_word' id='word_1_250' title='bbox 838 2383 943 2435; x_wconf 89' lang='lat' dir='ltr'>und</span> <span class='ocrx_word' id='word_1_251' title='bbox 979 2382 1068 2434; x_wconf 87' lang='lat' dir='ltr'>der</span> <span class='ocrx_word' id='word_1_252' title='bbox 1103 2380 1479 2448; x_wconf 81' lang='lat' dir='ltr'>gleichnamige</span> 
     </span>
     <span class='ocr_line' id='line_1_27' title="bbox 443 2449 1151 2516; baseline 0.001 -13"><span class='ocrx_word' id='word_1_253' title='bbox 443 2451 763 2516; x_wconf 86' lang='lat' dir='ltr'>Numidicus,</span> <span class='ocrx_word' id='word_1_254' title='bbox 800 2449 997 2503; x_wconf 89' lang='lat' dir='ltr'>Konsul</span> <span class='ocrx_word' id='word_1_255' title='bbox 1036 2453 1151 2505; x_wconf 86' lang='grc'><strong>109.</strong></span> 
     </span>
    </p>

    <p class='ocr_par' dir='ltr' id='par_1_7' title="bbox 445 2517 1478 2652">
     <span class='ocr_line' id='line_1_28' title="bbox 518 2517 1478 2586; baseline -0.002 -15"><span class='ocrx_word' id='word_1_256' title='bbox 518 2522 564 2572; x_wconf 90' lang='grc'>1.</span> <span class='ocrx_word' id='word_1_257' title='bbox 601 2521 763 2570; x_wconf 81' lang='lat' dir='ltr'>verbo</span> <span class='ocrx_word' id='word_1_258' title='bbox 779 2523 985 2586; x_wconf 80' lang='lat' dir='ltr'>premis</span> <span class='ocrx_word' id='word_1_259' title='bbox 1009 2533 1193 2585; x_wconf 78' lang='lat' dir='ltr'>wegen</span> <span class='ocrx_word' id='word_1_260' title='bbox 1229 2517 1322 2570; x_wconf 86' lang='lat' dir='ltr'>des</span> <span class='ocrx_word' id='word_1_261' title='bbox 1345 2519 1478 2569; x_wconf 86' lang='lat' dir='ltr'>Aus-</span> 
     </span>
     <span class='ocr_line' id='line_1_29' title="bbox 445 2586 1476 2652; baseline -0.001 -15"><span class='ocrx_word' id='word_1_262' title='bbox 445 2587 664 2639; x_wconf 87' lang='lat' dir='ltr'>druckes</span> <span class='ocrx_word' id='word_1_263' title='bbox 717 2587 771 2638; x_wconf 91' lang='lat' dir='ltr'>in</span> <span class='ocrx_word' id='word_1_264' title='bbox 825 2588 909 2640; x_wconf 90' lang='lat' dir='ltr'>die</span> <span class='ocrx_word' id='word_1_265' title='bbox 954 2587 1096 2652; x_wconf 77' lang='lat' dir='ltr'>Euge</span> <span class='ocrx_word' id='word_1_266' title='bbox 1150 2586 1348 2649; x_wconf 81' lang='lat' dir='ltr'>treibst,</span> <span class='ocrx_word' id='word_1_267' title='bbox 1405 2587 1476 2636; x_wconf 86' lang='lat' dir='ltr'>im</span> 
     </span>
    </p>
   </div>
   <div class='ocr_carea' id='block_1_4' title="bbox 444 2653 1484 3864">
    <p class='ocr_par' dir='ltr' id='par_1_8' title="bbox 444 2653 1479 2787">
     <span class='ocr_line' id='line_1_30' title="bbox 444 2653 1479 2773; baseline -0.001 -67"><span class='ocrx_word' id='word_1_268' title='bbox 444 2654 734 2773; x_wconf 59' lang='lat' dir='ltr'>fiegensatz</span> <span class='ocrx_word' id='word_1_269' title='bbox 770 2670 886 2707; x_wconf 86' lang='lat' dir='ltr'>zum</span> <span class='ocrx_word' id='word_1_270' title='bbox 912 2654 1211 2708; x_wconf 82' lang='lat' dir='ltr'>Gedanken.</span> <span class='ocrx_word' id='word_1_271' title='bbox 1278 2653 1479 2705; x_wconf 84' lang='lat' dir='ltr'>Anders</span> 
     </span>
     <span class='ocr_line' id='line_1_31' title="bbox 492 2723 722 2787; baseline -0.004 -13"><span class='ocrx_word' id='word_1_272' title='bbox 492 2762 504 2773; x_wconf 93' lang='lat'><strong><em>.</em></strong></span> <span class='ocrx_word' id='word_1_273' title='bbox 534 2725 614 2787; x_wconf 86' lang='lat'>12,</span> <span class='ocrx_word' id='word_1_274' title='bbox 640 2723 722 2773; x_wconf 86' lang='lat'>28.</span> 
     </span>
    </p>

    <p class='ocr_par' dir='ltr' id='par_1_9' title="bbox 449 2787 1477 2909">
     <span class='ocr_line' id='line_1_32' title="bbox 515 2787 1477 2855; baseline -0.001 -14"><span class='ocrx_word' id='word_1_275' title='bbox 515 2792 563 2841; x_wconf 89' lang='grc'>6.</span> <span class='ocrx_word' id='word_1_276' title='bbox 637 2790 877 2838; x_wconf 79' lang='lat' dir='ltr'>imbutus</span> <span class='ocrx_word' id='word_1_277' title='bbox 931 2789 1000 2838; x_wconf 89' lang='lat' dir='ltr'>im</span> <span class='ocrx_word' id='word_1_278' title='bbox 1055 2787 1341 2855; x_wconf 84' lang='lat' dir='ltr'>Gegensatz</span> <span class='ocrx_word' id='word_1_279' title='bbox 1413 2805 1477 2841; x_wconf 85' lang='lat' dir='ltr'>zu</span> 
     </span>
     <span class='ocr_line' id='line_1_33' title="bbox 449 2855 1410 2909; baseline -0.001 0"><span class='ocrx_word' id='word_1_280' title='bbox 449 2858 718 2909; x_wconf 75' lang='lat' dir='ltr'>eruditus:</span> <span class='ocrx_word' id='word_1_281' title='bbox 760 2855 1129 2908; x_wconf 75' lang='lat' dir='ltr'>oberfliichlich</span> <span class='ocrx_word' id='word_1_282' title='bbox 1166 2855 1410 2908; x_wconf 87' lang='lat' dir='ltr'>bekannt.</span> 
     </span>
    </p>

    <p class='ocr_par' dir='ltr' id='par_1_10' title="bbox 448 2922 1482 3056">
     <span class='ocr_line' id='line_1_34' title="bbox 513 2922 1482 2991; baseline 0.002 -17"><span class='ocrx_word' id='word_1_283' title='bbox 513 2928 576 2976; x_wconf 80' lang='lat' dir='ltr'>in</span> <span class='ocrx_word' id='word_1_284' title='bbox 605 2926 822 2991; x_wconf 79' lang='lat' dir='ltr'>primis:</span> <span class='ocrx_word' id='word_1_285' title='bbox 860 2928 1010 2975; x_wconf 84' lang='lat' dir='ltr'>unter</span> <span class='ocrx_word' id='word_1_286' title='bbox 1046 2922 1144 2974; x_wconf 89' lang='lat' dir='ltr'>den</span> <span class='ocrx_word' id='word_1_287' title='bbox 1170 2929 1340 2975; x_wconf 84' lang='lat' dir='ltr'>ersten</span> <span class='ocrx_word' id='word_1_288' title='bbox 1368 2923 1482 2976; x_wconf 66' lang='lat' dir='ltr'>sat-</span> 
     </span>
     <span class='ocr_line' id='line_1_35' title="bbox 448 2990 1395 3056; baseline -0.001 -11"><span class='ocrx_word' id='word_1_289' title='bbox 448 3009 559 3056; x_wconf 85' lang='lat' dir='ltr'>zen,</span> <span class='ocrx_word' id='word_1_290' title='bbox 595 2991 795 3044; x_wconf 82' lang='lat' dir='ltr'>welche</span> <span class='ocrx_word' id='word_1_291' title='bbox 831 2991 915 3043; x_wconf 90' lang='lat' dir='ltr'>die</span> <span class='ocrx_word' id='word_1_292' title='bbox 950 2990 1211 3042; x_wconf 84' lang='lat' dir='ltr'>Dialektik</span> <span class='ocrx_word' id='word_1_293' title='bbox 1247 2992 1395 3045; x_wconf 88' lang='lat' dir='ltr'>lehrt.</span> 
     </span>
    </p>

    <p class='ocr_par' dir='ltr' id='par_1_11' title="bbox 446 3060 1484 3461">
     <span class='ocr_line' id='line_1_36' title="bbox 517 3060 1481 3126; baseline -0.002 -12"><span class='ocrx_word' id='word_1_294' title='bbox 517 3065 565 3114; x_wconf 84' lang='lat'>7.</span> <span class='ocrx_word' id='word_1_295' title='bbox 602 3076 755 3113; x_wconf 88' lang='lat' dir='ltr'>omne</span> <span class='ocrx_word' id='word_1_296' title='bbox 787 3063 1209 3126; x_wconf 78' lang='lat' dir='ltr'>pronuntiatum</span> <span class='ocrx_word' id='word_1_297' title='bbox 1246 3060 1481 3126; x_wconf 87' lang='lat' dir='ltr'>Behaup-</span> 
     </span>
     <span class='ocr_line' id='line_1_37' title="bbox 447 3127 1478 3195; baseline -0.001 -14"><span class='ocrx_word' id='word_1_298' title='bbox 447 3137 593 3195; x_wconf 79' lang='lat' dir='ltr'>tung,</span> <span class='ocrx_word' id='word_1_299' title='bbox 629 3127 827 3192; x_wconf 84' lang='lat' dir='ltr'>Urteil).</span> <span class='ocrx_word' id='word_1_300' title='bbox 864 3127 984 3193; x_wconf 81' lang='lat' dir='ltr'>Vgl.</span> <span class='ocrx_word' id='word_1_301' title='bbox 1012 3128 1169 3180; x_wconf 88' lang='lat' dir='ltr'>Acad.</span> <span class='ocrx_word' id='word_1_302' title='bbox 1239 3166 1251 3179; x_wconf 92' lang='lat'><strong><em>.</em></strong></span> <span class='ocrx_word' id='word_1_303' title='bbox 1278 3131 1360 3193; x_wconf 85' lang='grc'><strong>29,</strong></span> <span class='ocrx_word' id='word_1_304' title='bbox 1387 3131 1478 3182; x_wconf 85' lang='lat'>95:</span> 
     </span>
     <span class='ocr_line' id='line_1_38' title="bbox 446 3197 1479 3263; baseline -0.002 -14"><span class='ocrx_word' id='word_1_305' title='bbox 446 3198 885 3250; x_wconf 78' lang='lat' dir='ltr'>Fundamentum</span> <span class='ocrx_word' id='word_1_306' title='bbox 895 3197 1212 3248; x_wconf 79' lang='lat' dir='ltr'>dialecticae</span> <span class='ocrx_word' id='word_1_307' title='bbox 1225 3202 1317 3260; x_wconf 78' lang='lat' dir='ltr'>est,</span> <span class='ocrx_word' id='word_1_308' title='bbox 1333 3202 1479 3263; x_wconf 79' lang='lat' dir='ltr'>quic-</span> 
     </span>
     <span class='ocr_line' id='line_1_39' title="bbox 450 3265 1484 3331; baseline -0.002 -14"><span class='ocrx_word' id='word_1_309' title='bbox 450 3267 586 3331; x_wconf 82' lang='lat' dir='ltr'>quid</span> <span class='ocrx_word' id='word_1_310' title='bbox 618 3268 928 3317; x_wconf 78' lang='lat' dir='ltr'>enunlz‘etur</span> <span class='ocrx_word' id='word_1_311' title='bbox 962 3265 1042 3330; x_wconf 78' lang='lat' dir='ltr'>(id</span> <span class='ocrx_word' id='word_1_312' title='bbox 1075 3272 1174 3317; x_wconf 80' lang='lat' dir='ltr'>aul</span> <span class='ocrx_word' id='word_1_313' title='bbox 1207 3268 1484 3331; x_wconf 84' lang='lat' dir='ltr'>appellant</span> 
     </span>
     <span class='ocr_line' id='line_1_40' title="bbox 451 3332 1481 3401; baseline 0 -16"><span class='ocrx_word' id='word_1_314' title='bbox 451 3333 687 3401; x_wconf 78' lang='grc' dir='ltr'><strong>ἀξίωμα,</strong></span> <span class='ocrx_word' id='word_1_315' title='bbox 713 3334 859 3399; x_wconf 81' lang='lat' dir='ltr'>quod</span> <span class='ocrx_word' id='word_1_316' title='bbox 881 3338 960 3385; x_wconf 77' lang='lat' dir='ltr'>est</span> <span class='ocrx_word' id='word_1_317' title='bbox 981 3337 1139 3399; x_wconf 76' lang='lat' dir='ltr'>quasi</span> <span class='ocrx_word' id='word_1_318' title='bbox 1162 3332 1274 3394; x_wconf 80' lang='lat' dir='ltr'>es&#39;s&#39;</span> <span class='ocrx_word' id='word_1_319' title='bbox 1276 3351 1309 3385; x_wconf 89' lang='lat' dir='ltr'>a</span> <span class='ocrx_word' id='word_1_320' title='bbox 1325 3338 1481 3398; x_wconf 79' lang='lat' dir='ltr'>tum)</span> 
     </span>
     <span class='ocr_line' id='line_1_41' title="bbox 450 3400 1297 3461; baseline -0.001 -7"><span class='ocrx_word' id='word_1_321' title='bbox 450 3407 549 3454; x_wconf 74' lang='lat' dir='ltr'>aut</span> <span class='ocrx_word' id='word_1_322' title='bbox 580 3418 766 3454; x_wconf 82' lang='lat' dir='ltr'>verum</span> <span class='ocrx_word' id='word_1_323' title='bbox 803 3418 915 3452; x_wconf 77' lang='lat' dir='ltr'>esse</span> <span class='ocrx_word' id='word_1_324' title='bbox 951 3407 1048 3452; x_wconf 79' lang='lat' dir='ltr'>aut</span> <span class='ocrx_word' id='word_1_325' title='bbox 1078 3400 1297 3461; x_wconf 76' lang='lat' dir='ltr'>falsum.</span> 
     </span>
    </p>

    <p class='ocr_par' dir='ltr' id='par_1_12' title="bbox 450 3469 1482 3673">
     <span class='ocr_line' id='line_1_42' title="bbox 519 3469 1482 3537; baseline -0.001 -15"><span class='ocrx_word' id='word_1_326' title='bbox 519 3472 763 3522; x_wconf 74' lang='lat' dir='ltr'>occurrit</span> <span class='ocrx_word' id='word_1_327' title='bbox 804 3475 870 3521; x_wconf 82' lang='lat' dir='ltr'>ut</span> <span class='ocrx_word' id='word_1_328' title='bbox 911 3471 1252 3537; x_wconf 80' lang='lat' dir='ltr'>appellarem.</span> <span class='ocrx_word' id='word_1_329' title='bbox 1332 3469 1482 3521; x_wconf 86' lang='lat' dir='ltr'>Auch</span> 
     </span>
     <span class='ocr_line' id='line_1_43' title="bbox 450 3538 1480 3604; baseline 0 -15"><span class='ocrx_word' id='word_1_330' title='bbox 450 3538 582 3590; x_wconf 86' lang='lat' dir='ltr'>nach</span> <span class='ocrx_word' id='word_1_331' title='bbox 627 3538 739 3590; x_wconf 87' lang='lat' dir='ltr'>dem</span> <span class='ocrx_word' id='word_1_332' title='bbox 787 3538 922 3590; x_wconf 77' lang='lat' dir='ltr'>Pers.</span> <span class='ocrx_word' id='word_1_333' title='bbox 968 3538 1194 3604; x_wconf 75' lang='lat' dir='ltr'>logicum</span> <span class='ocrx_word' id='word_1_334' title='bbox 1239 3538 1383 3590; x_wconf 81' lang='lat' dir='ltr'>steht</span> <span class='ocrx_word' id='word_1_335' title='bbox 1428 3538 1480 3589; x_wconf 90' lang='lat' dir='ltr'>in</span> 
     </span>
     <span class='ocr_line' id='line_1_44' title="bbox 451 3605 1232 3673; baseline 0 -14"><span class='ocrx_word' id='word_1_336' title='bbox 451 3606 542 3659; x_wconf 89' lang='lat' dir='ltr'>der</span> <span class='ocrx_word' id='word_1_337' title='bbox 577 3605 737 3671; x_wconf 79' lang='lat' dir='ltr'>Regel</span> <span class='ocrx_word' id='word_1_338' title='bbox 775 3606 865 3657; x_wconf 88' lang='lat' dir='ltr'>der</span> <span class='ocrx_word' id='word_1_339' title='bbox 902 3607 1050 3671; x_wconf 75' lang='lat' dir='ltr'>ConJ.</span> <span class='ocrx_word' id='word_1_340' title='bbox 1086 3605 1232 3673; x_wconf 80' lang='lat' dir='ltr'>lmpf.</span> 
     </span>
    </p>

    <p class='ocr_par' dir='ltr' id='par_1_13' title="bbox 452 3673 1484 3864">
     <span class='ocr_line' id='line_1_45' title="bbox 520 3673 1482 3740; baseline -0.001 -14"><span class='ocrx_word' id='word_1_341' title='bbox 520 3677 569 3727; x_wconf 88' lang='grc'><strong>9.</strong></span> <span class='ocrx_word' id='word_1_342' title='bbox 639 3674 700 3724; x_wconf 86' lang='lat' dir='ltr'>id</span> <span class='ocrx_word' id='word_1_343' title='bbox 751 3688 880 3739; x_wconf 79' lang='lat' dir='ltr'>ergo</span> <span class='ocrx_word' id='word_1_344' title='bbox 930 3677 1006 3725; x_wconf 75' lang='lat' dir='ltr'>est</span> <span class='ocrx_word' id='word_1_345' title='bbox 1050 3678 1150 3727; x_wconf 87' lang='lat' dir='ltr'>cet.</span> <span class='ocrx_word' id='word_1_346' title='bbox 1221 3673 1316 3726; x_wconf 84' lang='lat' dir='ltr'>Mit</span> <span class='ocrx_word' id='word_1_347' title='bbox 1349 3689 1482 3740; x_wconf 80' lang='lat' dir='ltr'>ergo</span> 
     </span>
     <span class='ocr_line' id='line_1_46' title="bbox 452 3741 1483 3795; baseline -0.002 0"><span class='ocrx_word' id='word_1_348' title='bbox 452 3743 633 3795; x_wconf 85' lang='lat' dir='ltr'>nimmt</span> <span class='ocrx_word' id='word_1_349' title='bbox 651 3742 754 3795; x_wconf 87' lang='lat' dir='ltr'>Cic.</span> <span class='ocrx_word' id='word_1_350' title='bbox 774 3742 872 3793; x_wconf 90' lang='lat' dir='ltr'>den</span> <span class='ocrx_word' id='word_1_351' title='bbox 892 3741 1050 3794; x_wconf 87' lang='lat' dir='ltr'>durch</span> <span class='ocrx_word' id='word_1_352' title='bbox 1069 3742 1150 3795; x_wconf 89' lang='lat' dir='ltr'>die</span> <span class='ocrx_word' id='word_1_353' title='bbox 1170 3742 1483 3795; x_wconf 86' lang='lat' dir='ltr'>Parenthese</span> 
     </span>
     <span class='ocr_line' id='line_1_47' title="bbox 456 3809 1484 3864; baseline -0.002 0"><span class='ocrx_word' id='word_1_354' title='bbox 456 3811 896 3864; x_wconf 85' lang='lat' dir='ltr'>unterhrochenen</span> <span class='ocrx_word' id='word_1_355' title='bbox 955 3809 1234 3863; x_wconf 88' lang='lat' dir='ltr'>Gedanken</span> <span class='ocrx_word' id='word_1_356' title='bbox 1290 3811 1484 3863; x_wconf 81' lang='lat' dir='ltr'>wieder</span> 
     </span>
    </p>
   </div>
   <div class='ocr_carea' id='block_1_5' title="bbox 1577 2108 2628 3878">
    <p class='ocr_par' dir='ltr' id='par_1_14' title="bbox 1578 2108 2628 2449">
     <span class='ocr_line' id='line_1_48' title="bbox 1579 2108 2621 2174; baseline 0.004 -14"><span class='ocrx_word' id='word_1_357' title='bbox 1579 2108 1690 2173; x_wconf 84' lang='lat' dir='ltr'>aus,</span> <span class='ocrx_word' id='word_1_358' title='bbox 1742 2108 1942 2160; x_wconf 79' lang='lat' dir='ltr'>freilich</span> <span class='ocrx_word' id='word_1_359' title='bbox 1999 2108 2419 2174; x_wconf 82' lang='lat' dir='ltr'>anakoluthisch‚</span> <span class='ocrx_word' id='word_1_360' title='bbox 2473 2112 2621 2164; x_wconf 85' lang='lat' dir='ltr'>denn</span> 
     </span>
     <span class='ocr_line' id='line_1_49' title="bbox 1578 2176 2625 2243; baseline 0.003 -16"><span class='ocrx_word' id='word_1_361' title='bbox 1578 2176 1855 2243; x_wconf 75' lang='lat' dir='ltr'>eigeutlich</span> <span class='ocrx_word' id='word_1_362' title='bbox 1892 2191 2001 2228; x_wconf 82' lang='lat' dir='ltr'>war</span> <span class='ocrx_word' id='word_1_363' title='bbox 2033 2177 2405 2231; x_wconf 79' lang='lat' dir='ltr'>fortzufahren:</span> <span class='ocrx_word' id='word_1_364' title='bbox 2445 2179 2625 2230; x_wconf 81' lang='lat' dir='ltr'>Omne</span> 
     </span>
     <span class='ocr_line' id='line_1_50' title="bbox 1580 2247 2628 2310; baseline 0.005 -15"><span class='ocrx_word' id='word_1_365' title='bbox 1580 2261 1711 2310; x_wconf 78' lang='lat' dir='ltr'>ergo</span> <span class='ocrx_word' id='word_1_366' title='bbox 1782 2247 2159 2297; x_wconf 81' lang='lat' dir='ltr'>renuntiatum</span> <span class='ocrx_word' id='word_1_367' title='bbox 2194 2253 2292 2299; x_wconf 80' lang='lat' dir='ltr'>aut</span> <span class='ocrx_word' id='word_1_368' title='bbox 2322 2262 2509 2298; x_wconf 81' lang='lat' dir='ltr'>verum</span> <span class='ocrx_word' id='word_1_369' title='bbox 2533 2255 2628 2300; x_wconf 70' lang='lat' dir='ltr'>est</span> 
     </span>
     <span class='ocr_line' id='line_1_51' title="bbox 1581 2310 2620 2379; baseline 0.003 -15"><span class='ocrx_word' id='word_1_370' title='bbox 1581 2317 1682 2365; x_wconf 77' lang='lat' dir='ltr'>aut</span> <span class='ocrx_word' id='word_1_371' title='bbox 1756 2313 1944 2364; x_wconf 75' lang='lat' dir='ltr'>alsam.</span> <span class='ocrx_word' id='word_1_372' title='bbox 1989 2310 2255 2379; x_wconf 67' lang='lat' dir='ltr'>Bfiufiger</span> <span class='ocrx_word' id='word_1_373' title='bbox 2301 2316 2425 2367; x_wconf 88' lang='lat' dir='ltr'>aber</span> <span class='ocrx_word' id='word_1_374' title='bbox 2479 2317 2620 2367; x_wconf 82' lang='lat' dir='ltr'>wird</span> 
     </span>
     <span class='ocr_line' id='line_1_52' title="bbox 1584 2381 2597 2449; baseline 0.005 -17"><span class='ocrx_word' id='word_1_375' title='bbox 1584 2381 1636 2432; x_wconf 90' lang='lat' dir='ltr'>in</span> <span class='ocrx_word' id='word_1_376' title='bbox 1673 2381 1865 2433; x_wconf 86' lang='lat' dir='ltr'>diesem</span> <span class='ocrx_word' id='word_1_377' title='bbox 1903 2381 2045 2432; x_wconf 84' lang='lat' dir='ltr'>Falle</span> <span class='ocrx_word' id='word_1_378' title='bbox 2081 2384 2257 2446; x_wconf 79' lang='lat' dir='ltr'>igitur</span> <span class='ocrx_word' id='word_1_379' title='bbox 2291 2384 2597 2449; x_wconf 84' lang='lat' dir='ltr'>gebraucht.</span> 
     </span>
    </p>

    <p class='ocr_par' dir='ltr' id='par_1_15' title="bbox 1577 2449 2618 3250">
     <span class='ocr_line' id='line_1_53' title="bbox 1656 2449 2618 2515; baseline 0.001 -13"><span class='ocrx_word' id='word_1_380' title='bbox 1656 2452 1735 2502; x_wconf 85' lang='lat'>12.</span> <span class='ocrx_word' id='word_1_381' title='bbox 1769 2450 1889 2515; x_wconf 79' lang='lat' dir='ltr'>Age</span> <span class='ocrx_word' id='word_1_382' title='bbox 1916 2449 2098 2515; x_wconf 70' lang='lat' dir='ltr'>gehbrt</span> <span class='ocrx_word' id='word_1_383' title='bbox 2126 2451 2269 2503; x_wconf 87' lang='lat' dir='ltr'>nicht</span> <span class='ocrx_word' id='word_1_384' title='bbox 2303 2451 2507 2504; x_wconf 81' lang='lat' dir='ltr'>sowohl</span> <span class='ocrx_word' id='word_1_385' title='bbox 2546 2467 2618 2503; x_wconf 86' lang='lat' dir='ltr'>zu</span> 
     </span>
     <span class='ocr_line' id='line_1_54' title="bbox 1578 2518 2616 2582; baseline 0.004 -15"><span class='ocrx_word' id='word_1_386' title='bbox 1578 2520 1690 2568; x_wconf 77' lang='lat' dir='ltr'>iam</span> <span class='ocrx_word' id='word_1_387' title='bbox 1725 2518 1955 2569; x_wconf 88' lang='lat' dir='ltr'>concedo</span> <span class='ocrx_word' id='word_1_388' title='bbox 1992 2521 2110 2582; x_wconf 69' lang='lat' dir='ltr'>cet„</span> <span class='ocrx_word' id='word_1_389' title='bbox 2146 2520 2223 2571; x_wconf 88' lang='lat' dir='ltr'>als</span> <span class='ocrx_word' id='word_1_390' title='bbox 2260 2519 2509 2572; x_wconf 86' lang='lat' dir='ltr'>vielmehr</span> <span class='ocrx_word' id='word_1_391' title='bbox 2547 2535 2616 2571; x_wconf 86' lang='lat' dir='ltr'>zu</span> 
     </span>
     <span class='ocr_line' id='line_1_55' title="bbox 1580 2584 2615 2654; baseline 0.002 -17"><span class='ocrx_word' id='word_1_392' title='bbox 1580 2584 1671 2637; x_wconf 88' lang='lat' dir='ltr'>der</span> <span class='ocrx_word' id='word_1_393' title='bbox 1760 2585 2035 2651; x_wconf 75' lang='lat' dir='ltr'>folgenden</span> <span class='ocrx_word' id='word_1_394' title='bbox 2117 2585 2615 2654; x_wconf 80' lang='lat' dir='ltr'>Gegenbemerlmng</span> 
     </span>
     <span class='ocr_line' id='line_1_56' title="bbox 1577 2652 2615 2719; baseline 0.002 -16"><span class='ocrx_word' id='word_1_395' title='bbox 1577 2652 1778 2719; x_wconf 72' lang='lat' dir='ltr'>(Quid‘l</span> <span class='ocrx_word' id='word_1_396' title='bbox 1815 2657 1912 2719; x_wconf 82' lang='lat' dir='ltr'>qui</span> <span class='ocrx_word' id='word_1_397' title='bbox 1943 2657 2177 2705; x_wconf 77' lang='lat' dir='ltr'>vivimus</span> <span class='ocrx_word' id='word_1_398' title='bbox 2208 2684 2275 2694; x_wconf 92' lang='lat'>——</span> <span class='ocrx_word' id='word_1_399' title='bbox 2299 2672 2476 2707; x_wconf 86' lang='lat' dir='ltr'>nonne</span> <span class='ocrx_word' id='word_1_400' title='bbox 2509 2659 2615 2706; x_wconf 83' lang='lat' dir='ltr'>mi-</span> 
     </span>
     <span class='ocr_line' id='line_1_57' title="bbox 1580 2722 2617 2789; baseline 0.004 -18"><span class='ocrx_word' id='word_1_401' title='bbox 1580 2724 1691 2772; x_wconf 75' lang='lat' dir='ltr'>seri</span> <span class='ocrx_word' id='word_1_402' title='bbox 1723 2724 1975 2788; x_wconf 73' lang='lat' dir='ltr'>sumusP),</span> <span class='ocrx_word' id='word_1_403' title='bbox 2012 2722 2103 2774; x_wconf 78' lang='lat' dir='ltr'>auf</span> <span class='ocrx_word' id='word_1_404' title='bbox 2124 2723 2278 2776; x_wconf 86' lang='lat' dir='ltr'>deren</span> <span class='ocrx_word' id='word_1_405' title='bbox 2306 2723 2617 2789; x_wconf 77' lang='lat' dir='ltr'>Bedeutung</span> 
     </span>
     <span class='ocr_line' id='line_1_58' title="bbox 1582 2788 2616 2858; baseline 0.004 -18"><span class='ocrx_word' id='word_1_406' title='bbox 1582 2788 2006 2843; x_wconf 76' lang='lat' dir='ltr'>esaufmerksam</span> <span class='ocrx_word' id='word_1_407' title='bbox 2034 2792 2246 2844; x_wconf 85' lang='lat' dir='ltr'>macheu</span> <span class='ocrx_word' id='word_1_408' title='bbox 2284 2792 2403 2844; x_wconf 91' lang='lat' dir='ltr'>soll.</span> <span class='ocrx_word' id='word_1_409' title='bbox 2452 2791 2523 2844; x_wconf 93' lang='lat' dir='ltr'>So</span> <span class='ocrx_word' id='word_1_410' title='bbox 2558 2807 2616 2858; x_wconf 87' lang='lat' dir='ltr'>p.</span> 
     </span>
     <span class='ocr_line' id='line_1_59' title="bbox 1582 2856 2615 2925; baseline 0.002 -17"><span class='ocrx_word' id='word_1_411' title='bbox 1582 2856 1689 2908; x_wconf 86' lang='lat' dir='ltr'>Mil.</span> <span class='ocrx_word' id='word_1_412' title='bbox 1730 2860 1823 2922; x_wconf 85' lang='lat'>19,</span> <span class='ocrx_word' id='word_1_413' title='bbox 1858 2859 1951 2911; x_wconf 83' lang='lat'>49:</span> <span class='ocrx_word' id='word_1_414' title='bbox 1986 2860 2121 2925; x_wconf 79' lang='lat' dir='ltr'>Age,</span> <span class='ocrx_word' id='word_1_415' title='bbox 2153 2863 2230 2910; x_wconf 80' lang='lat' dir='ltr'>sit</span> <span class='ocrx_word' id='word_1_416' title='bbox 2260 2865 2342 2913; x_wconf 81' lang='lat' dir='ltr'>ita</span> <span class='ocrx_word' id='word_1_417' title='bbox 2375 2859 2615 2920; x_wconf 73' lang='lat' dir='ltr'>saelum.-</span> 
     </span>
     <span class='ocr_line' id='line_1_60' title="bbox 1583 2928 2614 2995; baseline 0.005 -20"><span class='ocrx_word' id='word_1_418' title='bbox 1583 2941 1719 2991; x_wconf 79' lang='lat' dir='ltr'>quae</span> <span class='ocrx_word' id='word_1_419' title='bbox 1773 2942 1963 2993; x_wconf 77' lang='lat' dir='ltr'>causa,</span> <span class='ocrx_word' id='word_1_420' title='bbox 2018 2943 2118 2978; x_wconf 81' lang='lat' dir='ltr'>cur</span> <span class='ocrx_word' id='word_1_421' title='bbox 2163 2928 2370 2980; x_wconf 82' lang='lat' dir='ltr'>Roman</span> <span class='ocrx_word' id='word_1_422' title='bbox 2418 2945 2614 2995; x_wconf 80' lang='lat' dir='ltr'>prope-</span> 
     </span>
     <span class='ocr_line' id='line_1_61' title="bbox 1580 2994 2612 3063; baseline 0.004 -20"><span class='ocrx_word' id='word_1_423' title='bbox 1580 2996 1765 3044; x_wconf 79' lang='lat' dir='ltr'>raret?</span> <span class='ocrx_word' id='word_1_424' title='bbox 1837 2994 1908 3045; x_wconf 91' lang='lat' dir='ltr'>Zu</span> <span class='ocrx_word' id='word_1_425' title='bbox 1959 2995 2072 3046; x_wconf 84' lang='lat' dir='ltr'>dies</span> <span class='ocrx_word' id='word_1_426' title='bbox 2116 3000 2171 3046; x_wconf 82' lang='lat' dir='ltr'>et</span> <span class='ocrx_word' id='word_1_427' title='bbox 2201 3001 2378 3047; x_wconf 79' lang='lat' dir='ltr'>noctis</span> <span class='ocrx_word' id='word_1_428' title='bbox 2410 2998 2517 3063; x_wconf 79' lang='lat' dir='ltr'>vgl.</span> <span class='ocrx_word' id='word_1_429' title='bbox 2555 2997 2612 3048; x_wconf 86' lang='lat' dir='ltr'>ll.</span> 
     </span>
     <span class='ocr_line' id='line_1_62' title="bbox 1583 3062 2137 3126; baseline 0.002 -11"><span class='ocrx_word' id='word_1_430' title='bbox 1583 3065 1666 3125; x_wconf 85' lang='lat'>27,</span> <span class='ocrx_word' id='word_1_431' title='bbox 1693 3064 1783 3124; x_wconf 73' lang='lat'>663</span> <span class='ocrx_word' id='word_1_432' title='bbox 1823 3062 1883 3114; x_wconf 88' lang='lat' dir='ltr'>V.</span> <span class='ocrx_word' id='word_1_433' title='bbox 1911 3065 1994 3126; x_wconf 83' lang='lat'>39,</span> <span class='ocrx_word' id='word_1_434' title='bbox 2026 3067 2137 3118; x_wconf 87' lang='grc'><strong>113.</strong></span> 
     </span>
     <span class='ocr_line' id='line_1_63' title="bbox 1582 3132 2615 3250; baseline 0.004 -69"><span class='ocrx_word' id='word_1_435' title='bbox 1582 3132 1735 3250; x_wconf 42' lang='lat' dir='ltr'>bij}</span> <span class='ocrx_word' id='word_1_436' title='bbox 1789 3132 1903 3182; x_wconf 86' lang='lat' dir='ltr'>iam</span> <span class='ocrx_word' id='word_1_437' title='bbox 1954 3134 2171 3198; x_wconf 83' lang='lat' dir='ltr'>iamque</span> <span class='ocrx_word' id='word_1_438' title='bbox 2204 3132 2364 3197; x_wconf 65' lang='lat' dir='ltr'>,ieden</span> <span class='ocrx_word' id='word_1_439' title='bbox 2405 3135 2615 3200; x_wconf 80' lang='lat' dir='ltr'>Augen·</span> 
     </span>
    </p>

    <p class='ocr_par' dir='ltr' id='par_1_16' title="bbox 1637 3213 1738 3250">
     <span class='ocr_line' id='line_1_64' title="bbox 1637 3213 1738 3250; baseline 0.01 -1"><span class='ocrx_word' id='word_1_440' title='bbox 1637 3213 1686 3250; x_wconf 79' lang='lat' dir='ltr'>ic</span> <span class='ocrx_word' id='word_1_441' title='bbox 1726 3237 1738 3250; x_wconf 90' lang='lat'><strong><em>.</em></strong></span> 
     </span>
    </p>

    <p class='ocr_par' dir='ltr' id='par_1_17' title="bbox 1583 3266 2613 3401">
     <span class='ocr_line' id='line_1_65' title="bbox 1654 3266 2613 3331; baseline -0.001 -11"><span class='ocrx_word' id='word_1_442' title='bbox 1654 3269 1734 3320; x_wconf 84' lang='lat'>17.</span> <span class='ocrx_word' id='word_1_443' title='bbox 1770 3266 1986 3330; x_wconf 78' lang='lat' dir='ltr'>Ecquid</span> <span class='ocrx_word' id='word_1_444' title='bbox 2012 3267 2189 3319; x_wconf 79' lang='lat' dir='ltr'>wohl?</span> <span class='ocrx_word' id='word_1_445' title='bbox 2238 3269 2334 3319; x_wconf 81' lang='lat' dir='ltr'>wie</span> <span class='ocrx_word' id='word_1_446' title='bbox 2352 3268 2409 3322; x_wconf 87' lang='lat'>11.</span> <span class='ocrx_word' id='word_1_447' title='bbox 2438 3271 2519 3331; x_wconf 78' lang='lat'>14,</span> <span class='ocrx_word' id='word_1_448' title='bbox 2545 3269 2613 3321; x_wconf 79' lang='lat'>32</span> 
     </span>
     <span class='ocr_line' id='line_1_66' title="bbox 1583 3333 2139 3401; baseline -0.002 -14"><span class='ocrx_word' id='word_1_449' title='bbox 1583 3334 1688 3387; x_wconf 86' lang='lat' dir='ltr'>und</span> <span class='ocrx_word' id='word_1_450' title='bbox 1724 3339 1871 3386; x_wconf 81' lang='lat' dir='ltr'>sonst</span> <span class='ocrx_word' id='word_1_451' title='bbox 1907 3333 2139 3401; x_wconf 43' lang='lat' dir='ltr'>hfiufig„</span> 
     </span>
    </p>

    <p class='ocr_par' dir='ltr' id='par_1_18' title="bbox 1585 3402 2615 3674">
     <span class='ocr_line' id='line_1_67' title="bbox 1657 3402 2613 3466; baseline -0.001 -12"><span class='ocrx_word' id='word_1_452' title='bbox 1657 3405 1738 3455; x_wconf 89' lang='grc'><strong>18.</strong></span> <span class='ocrx_word' id='word_1_453' title='bbox 1776 3404 2045 3455; x_wconf 83' lang='lat' dir='ltr'>deieceris.</span> <span class='ocrx_word' id='word_1_454' title='bbox 2104 3403 2326 3460; x_wconf 81' lang='lat' dir='ltr'>Ahnlich</span> <span class='ocrx_word' id='word_1_455' title='bbox 2362 3402 2417 3454; x_wconf 88' lang='lat'>11.</span> <span class='ocrx_word' id='word_1_456' title='bbox 2442 3405 2493 3466; x_wconf 86' lang='lat'>5,</span> <span class='ocrx_word' id='word_1_457' title='bbox 2523 3405 2613 3454; x_wconf 83' lang='lat'>14:</span> 
     </span>
     <span class='ocr_line' id='line_1_68' title="bbox 1585 3470 2615 3536; baseline -0.001 -15"><span class='ocrx_word' id='word_1_458' title='bbox 1585 3475 1922 3536; x_wconf 75' lang='lat' dir='ltr'>quantum—</span> <span class='ocrx_word' id='word_1_459' title='bbox 1945 3470 2010 3522; x_wconf 86' lang='lat' dir='ltr'>de</span> <span class='ocrx_word' id='word_1_460' title='bbox 2028 3473 2231 3523; x_wconf 78' lang='lat' dir='ltr'>doloris</span> <span class='ocrx_word' id='word_1_461' title='bbox 2248 3477 2456 3522; x_wconf 76' lang='lat' dir='ltr'>tem-ore</span> <span class='ocrx_word' id='word_1_462' title='bbox 2473 3471 2615 3521; x_wconf 80' lang='lat' dir='ltr'>deie-</span> 
     </span>
     <span class='ocr_line' id='line_1_69' title="bbox 1585 3538 2615 3603; baseline 0 -15"><span class='ocrx_word' id='word_1_463' title='bbox 1585 3542 1743 3599; x_wconf 76' lang='lat' dir='ltr'>ceris3</span> <span class='ocrx_word' id='word_1_464' title='bbox 1765 3538 1851 3591; x_wconf 87' lang='lat' dir='ltr'>IV.</span> <span class='ocrx_word' id='word_1_465' title='bbox 1866 3541 1950 3603; x_wconf 84' lang='lat'>37,</span> <span class='ocrx_word' id='word_1_466' title='bbox 1962 3542 2028 3593; x_wconf 81' lang='lat'>80</span> <span class='ocrx_word' id='word_1_467' title='bbox 2041 3560 2053 3591; x_wconf 77' lang='grc' dir='ltr'><strong><em>ε</em></strong></span> <span class='ocrx_word' id='word_1_468' title='bbox 2066 3538 2536 3593; x_wconf 79' lang='lat' dir='ltr'>deiecta.Mitmori</span> <span class='ocrx_word' id='word_1_469' title='bbox 2543 3538 2615 3589; x_wconf 83' lang='lat' dir='ltr'>ist</span> 
     </span>
     <span class='ocr_line' id='line_1_70' title="bbox 1585 3605 2613 3674; baseline 0 -17"><span class='ocrx_word' id='word_1_470' title='bbox 1585 3607 1676 3658; x_wconf 86' lang='lat' dir='ltr'>das</span> <span class='ocrx_word' id='word_1_471' title='bbox 1689 3605 1905 3660; x_wconf 84' lang='lat' dir='ltr'>Sterben</span> <span class='ocrx_word' id='word_1_472' title='bbox 1920 3608 1972 3658; x_wconf 87' lang='lat' dir='ltr'>in</span> <span class='ocrx_word' id='word_1_473' title='bbox 1983 3608 2357 3674; x_wconf 86' lang='lat' dir='ltr'>seinenFolgen</span> <span class='ocrx_word' id='word_1_474' title='bbox 2370 3607 2613 3672; x_wconf 80' lang='lat' dir='ltr'>gemeint.</span> 
     </span>
    </p>

    <p class='ocr_par' dir='ltr' id='par_1_19' title="bbox 1585 3674 2614 3810">
     <span class='ocr_line' id='line_1_71' title="bbox 1656 3674 2614 3741; baseline -0.002 -14"><span class='ocrx_word' id='word_1_475' title='bbox 1656 3678 1735 3728; x_wconf 90' lang='grc'>19.</span> <span class='ocrx_word' id='word_1_476' title='bbox 1762 3675 2028 3741; x_wconf 82' lang='lat' dir='ltr'>quoddam</span> <span class='ocrx_word' id='word_1_477' title='bbox 2047 3676 2284 3741; x_wconf 80' lang='lat' dir='ltr'>gradezu,</span> <span class='ocrx_word' id='word_1_478' title='bbox 2303 3674 2614 3727; x_wconf 86' lang='lat' dir='ltr'>schlechter-</span> 
     </span>
     <span class='ocr_line' id='line_1_72' title="bbox 1585 3742 2563 3810; baseline 0.002 -17"><span class='ocrx_word' id='word_1_479' title='bbox 1585 3742 1754 3808; x_wconf 74' lang='lat' dir='ltr'>dingS.</span> <span class='ocrx_word' id='word_1_480' title='bbox 1826 3744 1878 3795; x_wconf 89' lang='lat' dir='ltr'>S.</span> <span class='ocrx_word' id='word_1_481' title='bbox 1906 3760 1968 3795; x_wconf 88' lang='lat' dir='ltr'>zu</span> <span class='ocrx_word' id='word_1_482' title='bbox 1995 3743 2050 3795; x_wconf 92' lang='lat'>11.</span> <span class='ocrx_word' id='word_1_483' title='bbox 2077 3746 2127 3809; x_wconf 85' lang='lat'>4,</span> <span class='ocrx_word' id='word_1_484' title='bbox 2152 3747 2243 3796; x_wconf 82' lang='lat'>11:</span> <span class='ocrx_word' id='word_1_485' title='bbox 2282 3744 2563 3810; x_wconf 82' lang='lat' dir='ltr'>quendam.</span> 
     </span>
    </p>

    <p class='ocr_par' dir='ltr' id='par_1_20' title="bbox 1654 3813 2613 3878">
     <span class='ocr_line' id='line_1_73' title="bbox 1654 3813 2613 3878; baseline -0.001 -14"><span class='ocrx_word' id='word_1_486' title='bbox 1654 3813 1737 3864; x_wconf 85' lang='lat'>20.</span> <span class='ocrx_word' id='word_1_487' title='bbox 1773 3815 1831 3861; x_wconf 82' lang='lat' dir='ltr'>in</span> <span class='ocrx_word' id='word_1_488' title='bbox 1868 3815 1981 3862; x_wconf 82' lang='lat' dir='ltr'>vita</span> <span class='ocrx_word' id='word_1_489' title='bbox 2004 3835 2072 3856; x_wconf 93' lang='lat'>=</span> <span class='ocrx_word' id='word_1_490' title='bbox 2096 3829 2155 3863; x_wconf 87' lang='lat' dir='ltr'>eo</span> <span class='ocrx_word' id='word_1_491' title='bbox 2182 3813 2327 3878; x_wconf 83' lang='lat' dir='ltr'>quod</span> <span class='ocrx_word' id='word_1_492' title='bbox 2359 3814 2514 3863; x_wconf 80' lang='lat' dir='ltr'>nobis</span> <span class='ocrx_word' id='word_1_493' title='bbox 2547 3815 2613 3863; x_wconf 81' lang='lat' dir='ltr'>ut</span> 
     </span>
    </p>
   </div>
   <div class='ocr_carea' id='block_1_6' title="bbox 2822 2519 2829 3132">
    <p class='ocr_par' dir='ltr' id='par_1_21' title="bbox 2822 2519 2829 3132">
     <span class='ocr_line' id='line_1_74' title="bbox 2822 2519 2829 3132; baseline 0 0"><span class='ocrx_word' id='word_1_494' title='bbox 2822 2519 2829 3132; x_wconf 95' lang='lat' dir='ltr'> </span> 
     </span>
    </p>
   </div>
   <div class='ocr_carea' id='block_1_7' title="bbox 2821 3523 2831 4243">
    <p class='ocr_par' dir='ltr' id='par_1_22' title="bbox 2821 3523 2831 4243">
     <span class='ocr_line' id='line_1_75' title="bbox 2821 3523 2831 4243; baseline 0 0"><span class='ocrx_word' id='word_1_495' title='bbox 2821 3523 2831 4243; x_wconf 95' lang='lat' dir='ltr'> </span> 
     </span>
    </p>
   </div>
  </div>
 </body>
</html>
