2834 4317
449 202 534 264 3'4
1148 203 1338 257 LIBER
1371 204 1447 257 ιιι.
1484 206 1568 271 21,
1588 209 1668 259 51.
1704 205 1788 269 22,
1807 207 1891 258 52.

454 396 607 438 rum.
669 376 773 449 lta,
813 376 1012 449 cred0,
1043 377 1116 437 de
1146 377 1380 437 honore
1411 384 1514 436 aut
1542 376 1615 436 de
1645 375 1930 454 dignitate
1962 375 2400 437 contendimus.
2462 376 2614 436 Mihi

451 480 750 525 summum
790 461 852 522 in
896 462 1093 522 animo
1126 461 1353 522 honum
1382 462 1648 534 videtur,
1692 461 1774 522 illi
1805 461 2094 522 autem-in
2129 479 2418 540 corpore,
2461 461 2612 522 mihi
2827 478 2833 513 ι

452 549 514 609 in
546 547 780 621 virtute,
808 546 892 607 illi
923 547 985 607 in
1015 547 1332 626 voluptate.
1389 545 1467 606 Et
1497 545 1577 606 illi
1610 555 1884 626 pugnant
1914 555 1975 607 et
2002 546 2240 623 quidem
2274 546 2613 607 vicinorum
2827 566 2833 629 Ι

451 634 629 694 fidem
657 632 1021 711 implorant3
1066 632 1235 692 multi
1281 638 1479 693 autem
1528 640 1671 692 sunt
1702 632 1804 710 qui
1834 631 2029 693 statim
2064 632 2400 692 convolent.
2475 631 2612 710 Ego

450 736 579 779 sum
614 718 694 792 is,
726 717 829 796 qui
859 717 1048 778 dicam
1075 735 1169 777 me
1202 736 1323 778 non
1356 717 1645 790 labmare,
1675 724 1870 777 actum
1904 716 2244 777 habiturum
2276 717 2435 795 quod
2467 728 2688 795 ege-5

345 814 403 866 51
450 804 590 864 rint.
638 798 795 873 Quid
820 800 1029 863 enim?
1059 803 1132 863 de
1155 800 1311 862 bello
1335 801 1564 862 Punico
1595 799 1835 880 agitur?
1865 801 1938 862 de
1969 820 2089 879 quo
2119 801 2250 880 ipso
2280 820 2416 862 cum
2447 803 2612 863 aliud

450 888 529 948 M.
565 887 792 959 Catoni,
825 887 980 947 aliud
1013 887 1080 947 L.
1108 886 1363 948 Lentulo
1385 886 1704 959 videretur,
1739 886 1897 948 nulla
1924 886 2208 966 intereos
2240 887 2613 948 concertatio

451 990 737 1051 umquam
775 972 904 1033 fuit.
981 972 1056 1032 Hi
1089 971 1265 1033 nimis
1294 971 1579 1033 iracunde
1622 981 1841 1050 agunt,
1886 958 2234 1051 praesertim
2264 991 2399 1033 cum
2433 971 2551 1032 ab
2535 972 2614 1034 iis
2825 1002 2833 1221 ⁴

453 1076 574 1119 non
609 1075 753 1118 sane
783 1058 1050 1119 animosa
1080 1058 1434 1129 defendatur
1462 1057 1787 1131 sententia,
1832 1075 1943 1137 pro
1975 1074 2089 1136 qua
2122 1058 2340 1118 nonin
2372 1065 2607 1131 senatu,

453 1158 576 1204 non
610 1143 670 1204 in
704 1142 1020 1216 contione,
1059 1161 1183 1203 non
1215 1142 1372 1222 apud
1407 1142 1730 1203 exercitum
1763 1160 1962 1220 neque
1992 1141 2062 1201 ad
2094 1159 2376 1204 censores
2406 1143 2610 1204 dicere
2654 1150 2712 1201 10

451 1229 726 1289 audeant.
790 1228 906 1288 Sed
951 1245 1086 1287 cum
1132 1227 1259 1288 istis
1304 1227 1476 1300 aliae,
1523 1236 1584 1288 et
1628 1245 1698 1287 eo
1732 1227 1968 1305 quidem
1998 1227 2230 1300 animo,
2279 1228 2506 1289 nullum
2537 1237 2610 1290 ut
2830 1240 2832 1357 γ

452 1321 752 1374 certamen
799 1312 1136 1385 instituam,
1187 1330 1392 1372 verum
1439 1311 1775 1373 dicentibus
1818 1313 1987 1373 facile
2032 1312 2255 1374 cedam.
2345 1314 2604 1375 Tantum

451 1397 807 1470 admoneh0,
838 1397 886 1458 si
909 1398 1161 1458 maxime
1183 1416 1391 1458 verum
1422 1397 1501 1458 sit
1527 1397 1600 1456 ad
1631 1416 1851 1476 corpus
1882 1399 2075 1458 omnia
2111 1400 2336 1459 referre
2366 1399 2607 1477 sapien-

450 1494 571 1544 tem
597 1483 737 1556 sive,
766 1491 836 1544 ut
856 1483 1171 1544 honestius
1195 1483 1404 1555 dicam,
1437 1482 1586 1543 nihil
1608 1483 1803 1543 facere
1827 1482 1939 1543 nisi
1972 1484 2129 1561 quod
2161 1479 2448 1562 expediat,
2479 1483 2605 1544 sive
2831 1516 2832 1553 ι

452 1570 652 1629 omnia
676 1569 903 1629 referre
933 1569 1005 1628 ad
1036 1568 1349 1628 utilitatem
1378 1585 1578 1640 suam,
1626 1567 1906 1645 quoniam
1939 1567 2084 1629 haec
2112 1568 2444 1648 plausibilia
2477 1588 2603 1630 non
2654 1576 2706 1629 15

454 1662 613 1728 sunt,
645 1660 712 1714 ut
740 1654 803 1713 in
834 1653 972 1713 sinu
1002 1652 1316 1732 gaudeant,
1347 1653 1607 1731 gloriose
1638 1652 1800 1731 loqui
1832 1653 2121 1713 desinant.

344 1718 421 1774 22
629 1737 1087 1818 Cyrenaicorum
1132 1746 1315 1800 restat
1344 1738 1667 1811 sententia,
1710 1737 1811 1817 qui
1833 1745 1968 1797 tum
1998 1737 2426 1817 aegritudinem
2458 1756 2604 1798 cen-

346 1801 406 1851 52
449 1832 584 1885 sent
613 1822 924 1895 exsistere,
968 1823 1017 1884 si
1051 1823 1407 1907 necopinato
1455 1823 1595 1902 quid
1643 1822 1922 1883 evenerit.
1981 1821 2089 1883 Est
2118 1822 2173 1883 id
2207 1823 2444 1900 quidem
2475 1840 2602 1884 ma-

375 1969 381 1975 ,
447 1926 652 1986 gnum,
684 1916 752 1968 ut
780 1926 964 1986 supra
995 1907 1131 1981 dixi,
1164 1908 1335 1969 etiam
1360 1908 1686 1987 Chrysippo
1718 1907 1796 1967 ita
1825 1907 2010 1968 videri
2041 1907 2182 1980 scic,
2213 1908 2374 1993 quod
2402 1909 2602 1987 provi-

446 2012 577 2055 sum
619 2001 757 2053 ante
787 2012 912 2053 non
944 1992 1051 2066 sit,
1095 1993 1154 2054 id
1196 1994 1374 2073 ferire
1417 1992 1859 2065 vehementius;
1903 1992 2007 2052 sed
2049 2011 2174 2053 non
2206 2002 2350 2054 sunt
2395 1994 2455 2055 in
2489 1995 2607 2056 hoc
2654 1942 2710 2079 ἆ)

2665 2092 2676 2125 l

443 2108 706 2161 iracunde
750 2108 784 2176 ξ
821 2111 904 2163 51.
969 2106 1084 2174 Vgl.
1109 2106 1327 2165 Tacitus
1353 2124 1470 2164 ann.
1574 2107 1776 2157 malum
1801 2107 1988 2159 dolare
2013 2107 2253 2169 definiat.
2309 2109 2365 2161 ln
2389 2110 2605 2163 solchen
2667 2144 2674 2159 .

443 2178 478 2230 l.
512 2181 570 2230 1:
605 2179 723 2229 sine
755 2180 845 2229 ira
882 2182 937 2228 et
966 2177 1163 2227 studia.
1350 2217 1359 2223 .
1575 2174 1750 2226 Fiillen
1785 2174 1923 2226 kann
1950 2181 2299 2261 praesertim
2306 2182 2478 2244 cum(
2460 2182 2606 2244 (cum
2667 2168 2688 2291 ι

518 2248 564 2301 1.
600 2246 703 2309 Ita,
739 2245 916 2311 eredo,
953 2245 1064 2296 scil.
1091 2244 1341 2307 studiose,
1377 2245 1474 2295 mit
1569 2245 1767 2309 praee.)
1810 2242 1969 2296 durch
2008 2236 2299 2310 ‘obgleich'
2340 2246 2606 2300 ubersetzt

444 2313 726 2366 ironischer
744 2312 1238 2379 Geringschfitzung:
1267 2311 1337 2364 So
1358 2327 1473 2363 ver·
1575 2310 1800 2365 werden.
2670 2334 2688 2381 ι

445 2382 582 2434 ffihrt
617 2396 735 2433 man
768 2380 901 2434 doch
928 2381 1066 2432 wohl
1091 2397 1200 2445 nur,
1237 2395 1390 2432 wenn
1414 2394 1472 2431 es
1645 2380 1692 2430 9.
1737 2395 1848 2430 non
1892 2396 2051 2444 sane,
2095 2381 2196 2432 wie
2235 2385 2316 2447 10,
2354 2384 2447 2444 223
2484 2388 2605 2435 ani·
2671 2392 2682 2423 θ

444 2451 555 2503 sich
592 2466 678 2502 um
712 2449 1067 2502 Ehrenstellen
1106 2448 1206 2500 und
1243 2447 1472 2499 Wfirden
1573 2461 1721 2498 mosa
1747 2440 1887 2500 ‘Mut
1921 2418 2260 2501 erfordernd’.

443 2520 512 2571 im
539 2517 715 2571 Staate
740 2518 966 2581 handen,
989 2517 1132 2570 nicht
1156 2517 1281 2568 aber
1303 2516 1472 2567 einem
1645 2517 1727 2567 12.
1762 2531 1949 2566 verum
1972 2531 2065 2568 vor
2084 2518 2384 2569 dicentibus
2405 2519 2475 2569 ist
2497 2518 2605 2569 Ad-

444 2584 1470 2654 Epikurgegenfiberundineinerphilos.
1566 2582 1756 2647 Jektiv.
1824 2584 1930 2638 Cic.
1958 2584 2137 2636 deutet
2172 2585 2333 2637 demit
2366 2599 2450 2650 an,
2486 2585 2603 2639 dats

444 2655 766 2707 Diskussion.
1573 2665 1628 2702 er
1651 2649 1829 2703 keiner
1859 2653 2123 2704 einzelnen
2150 2652 2339 2705 Schule
2375 2654 2605 2719 angehfi-

513 2725 563 2776 3.
608 2725 684 2774 Et
727 2721 813 2773 illi
838 2726 1118 2787 pugnant,
1166 2721 1266 2772 wie
1303 2721 1470 2772 oben:
1570 2733 1663 2770 ren
1691 2718 1886 2772 wollte.

443 2792 518 2842 Et
554 2794 897 2870 ‘queruntum
954 2787 1103 2840 Sinn.
1159 2787 1246 2839 Sie
1281 2788 1469 2852 gerade
1646 2786 1877 2838 Tantum
1909 2786 2076 2843 wiel.
2104 2789 2184 2853 13,
2212 2790 2293 2841 29.

445 2857 675 2920 streiten,
700 2857 784 2908 die
807 2856 918 2908 sich
946 2856 1074 2907 uber
1096 2855 1263 2907 meine
1289 2855 1469 2908 Streit-
1645 2858 1725 2909 13.
1748 2858 1799 2905 si
1819 2861 2139 2908 maoeime=
2155 2859 2205 2906 si
2227 2857 2408 2909 moda:
2445 2871 2602 2949 wenn

445 2925 596 2977 sucht
631 2923 901 2989 beklagen.
1576 2922 1829 2975 wirklich.

501 2996 821 3058 vicinorum,
857 2991 947 3042 der
971 2990 1174 3042 ahnlich
1199 2990 1471 3056 gesinnten
1645 2996 1721 3045 15.
1755 2992 2070 3057 plausibilia
2087 3016 2157 3036 π
2176 2994 2429 3058 plausum
2462 2994 2603 3044 mul—

446 3031 1037 3125 philosophemfidem:
1077 3056 1470 3142 Schutz,}1i1se,
1576 3060 1825 3111 titudinis
1862 3063 2126 3113 habentia.
2457 3114 2461 3118 ,

513 3132 561 3182 5.
599 3132 776 3178 actum
812 3129 1119 3178 habiturum
1145 3096 1343 3178 ‘indem
1385 3127 1467 3180 ich
1656 3129 1737 3180 16.
1772 3132 1833 3178 in
1865 3131 1993 3179 sinu
2032 3130 2314 3195 gaudeant
2344 3124 2475 3182 ‘sich
2526 3131 2601 3182 im

443 3196 534 3249 das
554 3195 630 3248 als
650 3195 955 3261 abgemacht
967 3195 1191 3247 ansehen
1209 3195 1314 3247 und
1334 3196 1471 3249 mich
1572 3194 1744 3247 stillen
1766 3188 1983 3250 freuen'.
2031 3197 2235 3249 Ebenso
2261 3197 2412 3264 Prop.
2436 3197 2490 3249 11.
2511 3200 2603 3262 25,

440 3265 661 3318 dariiber
693 3263 1079 3330 hinwegsetzen
1115 3258 1329 3316 werde’.
1572 3264 1663 3315 30:
1698 3265 1763 3314 In
1787 3267 1952 3316 tacito
1978 3268 2162 3316 cohibe
2178 3266 2387 3330 gaudia
2412 3267 2601 3317 clausa

511 3336 559 3386 6.
597 3333 742 3397 Quid
774 3337 928 3397 enim,
965 3348 1006 3384 s.
1039 3347 1085 3387 z.
1120 3331 1204 3385 lV.
1242 3335 1292 3396 4,
1317 3334 1364 3385 8.
1569 3334 1712 3383 sinu.
1782 3331 2145 3399 Ursprfinglich
2189 3335 2258 3384 ist
2313 3333 2403 3385 der
2444 3337 2603 3386 sinus
2687 3344 2692 3349 ·

511 3406 557 3456 ’7.
595 3402 657 3453 L.
685 3372 963 3454 Cornelius
985 3400 1245 3452 Lentulus
1266 3371 1470 3466 Lupus,
1574 3405 1731 3466 togae
1790 3401 2041 3466 gemeint,
2092 3402 2144 3453 in
2198 3402 2448 3453 welchem
2506 3402 2602 3454 der

445 3473 542 3524 156
578 3469 793 3533 Konsul,
833 3484 942 3520 war
976 3468 1087 3520 also
1120 3483 1332 3558 gnegen
1367 3467 1469 3520 den
1573 3467 1759 3520 Rbmer
1792 3466 1950 3519 Mund
1991 3468 2095 3520 und
2131 3468 2275 3521 Hand
2312 3471 2601 3535 vei-bergen

441 3540 491 3590 3.
530 3538 810 3605 punischen
848 3537 1018 3602 Krieg.
1572 3535 1785 3588 konnte.

500 3609 547 3658 8.
571 3606 848 3669 iracunde,
871 3605 977 3692 vgl.
998 3603 1079 3655 Ν.
1096 3605 1178 3668 23,
1193 3606 1285 3665 51;
1310 3619 1470 3667 prae·
1646 3607 1722 3657 17.
1754 3605 2191 3671 Cyrenaicorum,
2216 3620 2256 3656 s.
2284 3603 2338 3655 11.
2365 3607 2412 3667 6,
2442 3607 2503 3656 15
2530 3621 2598 3657 zu

441 3675 626 3724 sertim
673 3688 792 3723 cum
828 3702 893 3711 —-
923 3667 1058 3724 ‘was
1099 3687 1187 3722 um
1228 3687 1288 3723 so
1325 3673 1469 3724 mehr
1568 3675 1893 3738 Aristippus,
1931 3672 2033 3724 und
2068 3673 2144 3728 111.
2183 3676 2265 3738 13,
2290 3674 2371 3725 28.

443 3740 863 3805 hervorgehoben
901 3739 1106 3791 werden
1141 3739 1294 3800 mute,
1332 3738 1379 3791 d.
1418 3741 1467 3792 h.
1641 3743 1721 3793 19.
1754 3741 2096 3806 Chrysippus,
2135 3740 2365 3800 Stoiker;
2403 3755 2443 3793 s.
2470 3740 2598 3792 zul.
2663 3776 2670 3793 .

443 3824 527 3859 um
548 3822 606 3859 so
626 3808 916 3873 ausffilhger
934 3809 1017 3872 1st
1037 3802 1212 3859 da—'.
1262 3807 1465 3860 Ebenso
1569 3810 1806 3873 45,108.
1884 3757 2214 3860 DiepSchrist
2259 3809 2419 3861 hiefs.
2449 3813 2600 3889 περὶ

445 3874 506 3929 V.
542 3878 625 3941 26,
664 3877 924 3928 ‘13:cum
956 3878 1280 3941 praesertim
1315 3891 1467 3927 omne
1563 3875 1810 3945 ἀγαθῶν
1845 3879 1936 3925 καὶ
1970 3876 2161 3928 κακῶν
2194 3870 2483 3946 εἰσαγωγή.
