2834 4317
192 1127 251 1178 10

1104 179 1293 234 LIBER
1327 179 1403 236 111.
1442 183 1491 246 8,
1516 183 1595 235 16.

2351 182 2435 247 ,13

286 361 486 414 autem
514 351 816 433 sapientes
846 353 1063 429 sortes;
1105 371 1229 415 non
1262 355 1417 415 eadit
1445 355 1626 433 igitur
1655 352 1719 414 in
1749 353 2077 434 sapientem
2109 354 2434 434 aegritudo.

289 436 367 498 Et
410 455 588 517 quem
630 437 701 498 ad
745 439 986 500 modum
1018 437 1227 500 oculus
1257 439 1650 502 conturbatus
1680 457 1804 499 non
1836 447 1926 501 est
1953 438 2143 519 probe
2173 437 2437 502 adfectus

291 523 361 583 ad
404 540 577 584 suum
623 540 844 585 munus
873 522 1243 603 fungendum
1288 532 1348 585 et
1376 525 1640 603 reliquae
1678 532 1877 604 partes
1906 532 2167 585 totumve
2196 542 2435 604 eorpus,

287 615 446 669 statu
471 625 608 668 oum
631 618 722 669 est
744 618 993 684 motum,
1026 609 1192 671 deest
1214 610 1413 671 officio
1436 628 1544 671 suo
1570 617 1630 671 et
1650 609 1908 681 muneri,
1938 609 2024 670 sic
2045 609 2438 671 conturbatus

211 702 244 752 5
286 694 522 753 animus
565 710 689 753 non
735 702 825 755 est
868 703 1042 774 aptus
1084 693 1157 754 ad
1201 694 1650 774 exsequendum
1692 712 1914 756 munus
1955 712 2151 755 suum.
2216 694 2435 756 Munus

288 786 486 839 autem
516 777 694 838 animi
728 787 818 840 est
844 780 1077 841 ratione
1105 780 1260 840 bene
1291 781 1397 856 uti,
1436 788 1496 841 et
1523 779 1806 860 sapientis
1835 779 2068 841 animus
2097 780 2177 841 ita
2198 797 2437 858 semper

289 863 556 925 adseetus
573 871 680 937 est,
703 872 770 924 ut
790 865 1017 926 ratione
1033 863 1255 945 optime
1277 873 1481 926 utatur
1493 883 1510 940 ;
1535 882 1861 943 numquam
1881 864 2065 943 igitur
2086 872 2176 925 est
2195 874 2434 945 pertur-

287 946 481 1008 batus.
539 948 614 1008 At
654 949 959 1027 aegritudo
989 949 1359 1029 perturbatio
1391 960 1482 1012 est
1509 950 1723 1024 animi;
1767 968 2003 1029 semper
2033 948 2216 1029 igitur
2244 967 2312 1010 ea
2340 967 2435 1010 sa·

285 1032 460 1113 piens
487 1032 733 1094 vacabit.

462 1117 600 1178 Veri
655 1118 829 1179 etiam
874 1118 1065 1180 simile
1106 1120 1249 1182 illud
1295 1130 1414 1192 est,
1460 1122 1564 1199 qui
1605 1120 1683 1182 sit
1724 1129 2084 1199 temperans,
2127 1151 2214 1164 -—-
2256 1136 2434 1198 quem
2476 1161 2538 1213 16

286 1201 496 1264 Graeci
528 1200 852 1286 σώφρονα
898 1206 1201 1285 appellant
1242 1223 1491 1284 eamque
1532 1206 1809 1266 virtutem
1856 1199 2301 1287 σωφροσύνην
2329 1221 2434 1263 vo-

286 1296 443 1362 cant,
476 1306 651 1367 quam
681 1290 842 1351 soleo
867 1289 1139 1369 equidem
1162 1301 1288 1352 tum
1312 1289 1781 1370 temperantiam,
1812 1299 1939 1351 tum
1964 1288 2434 1350 moderationem

286 1372 603 1452 appellare,
636 1393 759 1435 non
786 1393 1109 1454 numquam
1131 1375 1306 1436 etiam
1329 1376 1696 1449 modestiam,
1724 1374 1828 1435 sed
1849 1374 2006 1435 haud
2030 1373 2154 1435 seio
2177 1391 2253 1433 an
2274 1381 2434 1433 recte

288 1475 356 1517 ea
384 1458 572 1520 virtus
598 1459 904 1539 frugalitas
931 1461 1214 1542 appellari
1237 1453 1447 1540 possit,
1478 1460 1634 1540 quod
1660 1459 1970 1539 angustius
1996 1458 2151 1538 apud
2177 1458 2477 1535 Graecos*

183 1551 242 1602 16
282 1542 463 1618 valet,
522 1544 624 1622 qui
667 1544 822 1624 frugi
867 1545 1143 1607 homines
1182 1550 1554 1628 χρησίμους
1597 1545 1924 1625 appellant,
1970 1543 2026 1605 id
2072 1552 2163 1604 est
2203 1551 2433 1604 tantum

285 1628 465 1689 modo
493 1629 685 1702 utilis3
730 1630 789 1691 at
808 1630 960 1723 ‚illud
989 1641 1080 1692 est
1119 1630 1324 1703 latius3
1348 1630 1566 1693 omnis
1607 1630 1767 1690 enim
1811 1628 2197 1700 abstinentia,
2240 1627 2437 1689 omnis

276 1790 281 1796 ·
357 1763 404 1813 3.
442 1762 516 1812 ad
542 1778 699 1813 suum
736 1748 930 1813 hmnus
951 1760 1306 1828 fungendum.

285 1826 491 1880 Ebenso
525 1833 606 1894 17,
632 1832 724 1884 36:
763 1830 908 1897 quod
925 1832 1183 1882 utendum
1220 1847 1307 1883 ae·

287 1900 516 1963 ceperim
546 1897 741 1961 jedoeh
777 1897 908 1949 auch
952 1899 1030 1952 als
1065 1898 1309 1952 Pradikat

286 1965 382 2038 mit
417 1970 510 2032 est,
546 1966 647 2017 wie
681 1964 745 2017 V.
786 1970 866 2032 17,
901 1969 994 2020 49:
1029 1982 1128 2019 nee
1162 1971 1308 2033 quie·

288 2048 449 2098 quam
468 2034 930 2099 estgloriandum3
951 2035 1019 2089 ib.
1039 2038 1132 2088 50:
1154 2037 1308 2087 beata

285 2104 398 2153 vita
427 2102 722 2167 glorianda
760 2106 851 2152 est.

353 2171 404 2221 4.
448 2174 595 2221 statu
630 2208 644 2222 .
678 2208 692 2221 .
729 2174 966 2236 motum,
1012 2171 1118 2238 vgl.
1165 2170 1221 2223 ΙΙ.
1259 2173 1308 2238 5,

289 2240 382 2289 14:
419 2238 485 2288 de
517 2240 780 2289 sententia
816 2256 927 2290 esse
961 2239 1238 2292 deiectum.

367 2307 414 2357 6.
461 2310 513 2356 et
553 2309 828 2372 sapientie.
910 2306 1029 2360 Hier
1074 2307 1212 2359 fuhrt
1257 2313 1312 2359 et

284 2370 368 2425 die
401 2378 696 2441 propositio
724 2377 906 2426 minor
940 2374 1031 2428 des
1057 2374 1308 2443 syllogis-

284 2455 399 2493 mus
444 2441 554 2507 ein,
597 2442 700 2493 wie
737 2445 786 2507 8,
825 2445 916 2496 18:
962 2448 1015 2494 et
1047 2448 1177 2495 eunt
1208 2443 1308 2496 illa

282 2512 568 2576 sapientia
603 2509 666 2561 V.
697 2515 776 2574 17,
801 2513 893 2565 49:
929 2516 984 2561 et
1004 2516 1084 2562 est
1114 2514 1174 2562 in
1209 2513 1310 2563 ali-

286 2593 392 2643 qua
427 2580 543 2628 vita
578 2582 677 2631 cet.

355 2647 436 2697 10.
505 2649 599 2711 qui
655 2648 730 2697 eit
793 2651 1107 2714 temperans.
1209 2646 1309 2699 Der

284 2712 543 2765 Nachsatz
577 2713 712 2780 solgt
746 2719 852 2767 erst
873 2717 907 2783 ξ
934 2718 1026 2769 18:
1064 2731 1184 2766 eum
1219 2732 1308 2766 ne-

286 2796 424 2832 eesse
457 2787 534 2832 est
567 2798 676 2834 esse
699 2787 1044 2835 constantem.
1098 2783 1153 2835 ln
1189 2782 1305 2836 dem

288 2864 349 2900 an
402 2848 782 2902 Anakoluthien
840 2851 1046 2904 reioben
1100 2849 1307 2918 Kapitel

287 2916 396 2968 will
441 2918 619 2970 Cicero
681 2922 853 2970 zuerst
909 2920 1041 2972 nach
1092 2920 1307 2986 Angabe

285 2983 374 3036 der
422 2985 823 3070 geqohnliehen,
863 2985 1171 3054 Bedeutung
1204 3003 1306 3040 von

284 3054 1310 3187 ttffffmhdfflsstzzt‘sszfiffffi:

286 3203 402 3254 gen,
441 3188 571 3240 wird
607 3189 802 3242 sodann
840 3190 996 3243 durch
1032 3192 1147 3243 eine
1187 3190 1308 3244 Ver-

285 3256 561 3323 gleichung
595 3273 697 3309 von
733 3255 895 3324 frugi
928 3260 1020 3311 mit
1053 3253 1308 3328 χρήσιμος

283 3338 346 3375 zu
394 3323 509 3376 dem
555 3324 862 3379 Naehweise
907 3328 1135 3392 gefuhrt,
1194 3326 1307 3379 dass

282 3388 589 3458 frugalitas
634 3394 765 3446 auch
819 3394 904 3447 die
955 3395 1063 3448 drei
1115 3395 1307 3447 andern

284 3457 785 3527 Kardinaltugenden
799 3463 1041 3529 umsasse‚
1051 3464 1153 3515 und
1168 3465 1308 3531 zeigt

283 3527 479 3580 zuletzt
523 3535 672 3582 unter
709 3530 971 3597 Berusung
1006 3532 1098 3583 auf
1147 3531 1307 3596 diese‚

282 3609 386 3646 von
433 3595 599 3649 denen
653 3598 907 3651 ebenfalls
943 3598 1068 3663 jede
1102 3600 1303 3652 sowohl

285 3661 337 3712 in
355 3663 516 3716 ihrem
542 3666 956 3719 unaussosliehen
982 3666 1308 3721 zusammen-

285 3729 452 3797 hange
493 3733 588 3784 mit
635 3735 772 3787 allen
811 3735 1026 3800 flbrigen
1080 3736 1186 3788 und
1220 3736 1307 3788 da-

286 3796 376 3849 her
421 3801 549 3852 auch
604 3802 682 3855 als
723 3801 971 3868 Inbegriff
1022 3803 1307 3870 derselben,

287 3863 363 3915 als
387 3868 518 3920 auch
543 3869 741 3922 einzeln
767 3870 849 3922 fiir
883 3870 992 3922 sich
1017 3872 1306 3924 betraehtet

1410 1762 1617 1816 werden
1631 1761 1787 1827 kann,
1808 1761 1918 1813 dass
1929 1760 2228 1826 frugalitas
2243 1760 2437 1813 nichts-

1407 1830 1791 1897 destoweuiger
1850 1831 1921 1881 im
1980 1843 2201 1895 engeren
2278 1828 2434 1881 Siune

1403 1902 1564 1965 J’eneu
1607 1898 1715 1952 drei
1749 1896 2031 1965 Tugenden
2076 1897 2153 1950 als
2196 1898 2311 1965 eine
2347 1897 2437 1950 be-

2480 1080 2520 1137 8

1410 1967 1628 2021 sondere
1665 1992 1731 2013 -ι
1768 1968 2121 2033 temperantia
2156 1969 2435 2032 entgegen7
2488 2020 2491 2024 Δ
2563 1960 2587 1973 ”

1411 2040 1611 2103 gesem
1647 2034 1851 2088 werden
1881 2033 2044 2086 durfe.
2105 2032 2233 2084 Bald
2258 2032 2438 2085 darauf

1412 2105 1536 2157 aber
1558 2102 1686 2156 wird
1724 2118 1779 2155 es
1805 2101 2017 2166 wieder,
2051 2102 2120 2152 im
2147 2101 2433 2167 Gegensatz

1412 2188 1477 2223 zu
1527 2173 1798 2238 nequitia,
1850 2172 1921 2222 im
1974 2170 2221 2221 weiteren
2276 2168 2434 2220 Sinne

1411 2238 1708 2307 gebraucht.

1483 2331 1564 2380 11.
1593 2339 1812 2390 eamque
1843 2327 2187 2375 virtuteon==
2204 2326 2258 2371 et
2280 2323 2434 2372 euius

1408 2396 1565 2454 virt.;
1601 2392 1707 2458 vgl.
1742 2409 1788 2444 z.
1830 2391 1888 2443 V.
1927 2392 1975 2455 3,
2013 2392 2069 2444 8:
2106 2404 2349 2455 eumque.

1481 2482 1562 2533 14.
1590 2477 1818 2544 quod-
1836 2475 2002 2528 valet:
2036 2468 2165 2527 ‘was
2190 2473 2431 2537 (nimlieh

1406 2546 1727 2613 frugalitas)
1774 2544 1858 2595 die
1892 2542 2142 2595 Grieehen
2183 2541 2238 2593 in
2272 2541 2435 2593 ihrem

1410 2613 1590 2668 Worte
1623 2608 1949 2681 χρησιμότησ
2002 2612 2056 2662 in
2092 2624 2305 2676 engerer
2336 2608 2437 2661 Be-

1408 2682 1643 2749 deutung
1679 2673 1931 2733 nehmen'.

1482 2771 1563 2822 15.
1597 2765 1779 2833 frugi,
1806 2766 1905 2831 eig.
1932 2765 2014 2817 eiu
2040 2763 2165 2816 Gen.
2189 2777 2295 2842 von
2315 2760 2438 2842 fru-

1410 2901 1809 2968 ...
1838 2830 2438 2953 {uniuersis

1409 2976 1619 3039 tragen,
1655 2969 1974 3036 ausgedehnt
2011 2967 2139 3019 wird
2164 3006 2182 3031 ,
2214 2966 2436 3019 daruber

1406 3055 1453 3095 s.
1497 3039 1629 3092 auch
1672 3037 1758 3092 IV.
1807 3041 1889 3101 16,
1933 3038 2017 3090 36.
2102 3034 2315 3088 Schwer
2370 3050 2435 3086 zu

1411 3108 1741 3169 ubersetzem
1790 3110 1954 3169 etwa:
1991 3103 2328 3156 Biedermann
2366 3128 2434 3142 -—

1410 3174 1722 3227 Biederkeit.
1765 3170 2028 3242 Σώφρων
2057 3172 2127 3224 ist
2154 3170 2435 3237 eigentlieh

1409 3244 1544 3296 noch
1593 3243 1776 3294 weiter
1808 3269 1877 3282 -
1910 3241 2053 3293 σῶος
2096 3237 2201 3304 τὴν
2243 3240 2434 3306 φρένα,

1409 3311 1594 3364 dessen
1621 3310 1746 3362 Sinn
1771 3325 1834 3363 so
1859 3310 1945 3374 ist,
1977 3308 2079 3360 wie
2102 3322 2157 3359 er
2181 3308 2291 3358 sein
2316 3304 2434 3357 soll.

1483 3398 1564 3450 16.
1589 3396 1753 3448 illud:
1791 3395 1883 3448 das
1907 3394 2081 3447 latein.
2118 3390 2433 3470 frugalitas.

1481 3468 1652 3517 omnis
1669 3468 1811 3516 enim
1830 3465 2155 3514 abstinentia
2177 3463 2293 3523 eet„
2312 3473 2438 3510 wne-

1407 3531 1500 3585 der
1520 3532 1633 3584 eine
1650 3531 2014 3584 Anakoluthie.
2033 3529 2101 3580 Es
2114 3527 2268 3580 sollte
2281 3527 2437 3594 naeh-

1407 3600 1502 3652 her
1532 3600 1756 3652 heifsen:
1792 3601 2032 3664 reliquae
2066 3599 2231 3647 etiam
2265 3599 2437 3647 virtu-

1412 3674 1490 3720 tes
1524 3669 1847 3735 frugalitate
1875 3669 2234 3718 eontinentur.
2295 3663 2434 3716 Ganz

1411 3736 1614 3790 fihnli‘ch
1660 3737 1723 3788 de
1757 3735 1845 3790 fin.
1881 3734 1956 3786 111.
1994 3736 2042 3799 3,
2082 3737 2173 3788 11:
2223 3732 2435 3785 Ceterae

1400 3805 1846 3870 philosophorum
1882 3802 2199 3868 disciplinae
2242 3831 2309 3840 —
2346 3818 2436 3855 eas

1408 3901 1479 3910 —
1530 3872 1670 3923 nihil
1711 3872 1976 3923 adiuvare
1993 3871 2268 3923 ·arbitror.
