2834 4317
159 299 220 320 ‘⁴
295 338 373 395 as

217 177 224 188 ‹
285 131 332 204 ‘-
367 123 502 238 ’ἓξ
1164 159 1352 213 uuna
1384 159 1424 213 1.
1461 162 1543 225 as,
1580 161 1663 214 91.
1700 161 1784 212 92.

569 331 776 412 Itaque
810 351 931 394 non
964 332 1227 394 deterret
1254 332 1586 413 sapientem
1615 349 1805 405 mors,
1838 350 1990 411 quae
2019 339 2268 412 propter
2297 330 2562 395 incertos

296 429 354 479 91
400 434 572 478 casus
602 418 824 479 cotidie
854 418 1139 492 imminet,
1172 427 1423 499 propter
1452 417 1795 478 brevitatem
1825 418 1975 478 vitae
2008 435 2333 496 numquam
2364 425 2566 498 potest

399 502 584 583 longe
614 503 855 576 abesse,
902 522 1021 584 quo
1051 504 1251 565 minus
1293 503 1356 565 in
1406 521 1584 564 omne
1627 510 1863 583 tempus
1898 502 1985 564 rei
2013 503 2288 584 publicae
2319 504 2565 582 suisque

402 589 677 650 consulat
699 596 801 651 aut
813 590 1218 669 posteritatem
1253 589 1461 669 ipsam,
1495 588 1666 650 cuius
1696 606 1939 650 sensum
1969 588 2280 650 habiturus
2314 607 2438 649 non
2471 589 2564 663 sit,

402 672 475 733 ad
504 692 569 734 se
598 682 770 755 putet
789 675 1112 754 pertinere.
1176 674 1305 746 Qua
1336 693 1404 735 re
1434 673 1573 735 licet
1602 674 1776 735 etiam
1807 674 2115 734 mortalem
2148 692 2278 736 esse
2301 674 2565 737 animum
2617 686 2652 736 5

404 758 763 821 iudicantem
789 768 1031 841 aeterna
1058 759 1256 821 moliri
1289 778 1412 820 non
1446 759 1670 839 gloriae
1700 759 2042 839 cupiditate,
2066 778 2244 839 quam
2277 778 2569 821 sensurus

408 861 532 904 non
564 845 669 919 sit,
708 844 810 906 sed
841 845 1107 919 virtutis,
1139 861 1320 924 quam
1350 843 1691 906 necessario
1723 844 1930 923 gloria.
1963 845 2139 906 etiam
2170 845 2220 907 si
2250 854 2316 906 tu
2348 845 2406 906 id
2440 864 2565 906 non

402 946 575 1007 agas»,
620 939 1047 1010 consequatur.
1106 930 1328 991 Natura
1358 947 1498 991 vero
1544 930 1592 991 si
1625 947 1691 991 se
1720 930 1807 991 sic
1835 929 2047 1004 hahet,
2093 939 2192 1006 ut,
2238 948 2358 1009 quo
2389 931 2568 991 modo

402 1015 638 1076 initium
671 1014 848 1077 nobis
877 1033 1081 1077 rerum
1127 1016 1396 1078 omnium
1444 1023 1613 1077 ortus
1660 1011 1867 1077 noster
1910 1015 2169 1090 adferat,
2214 1015 2301 1077 sic
2346 1016 2568 1078 exitum

404 1118 598 1174 mors,
644 1107 712 1162 ut
744 1101 893 1161 nihil
921 1100 1217 1181 pertinuit
1245 1101 1318 1161 ad
1350 1119 1465 1163 nos
1496 1107 1635 1162 ante
1666 1109 1898 1175 ortum,
1944 1102 2029 1163 sic
2061 1101 2210 1162 nihil
2239 1110 2376 1181 post
2405 1119 2569 1162 mor·
2626 1111 2692 1161 10

404 1194 525 1247 tem
557 1185 902 1266 pertinebit.
991 1186 1060 1247 In
1094 1205 1214 1266 quo
1246 1185 1389 1265 quid
1433 1193 1633 1267 potest
1676 1204 1805 1247 esse
1849 1186 2018 1258 mali,
2064 1205 2202 1248 cum
2245 1204 2409 1248 mors
2453 1203 2571 1247 nec

409 1271 480 1332 ad
513 1272 675 1333 vivos
719 1270 1016 1351 pertineat
1059 1290 1173 1333 nec
1219 1270 1291 1332 ad
1337 1268 1652 1334 mortuos?
1711 1271 1896 1333 Alteri
1943 1271 2090 1333 nulli
2135 1278 2306 1346 sunt,
2351 1271 2572 1332 alteros

409 1376 532 1418 non
565 1357 834 1435 attinget.

304 1451 363 1501 92
580 1441 771 1512 Quam
796 1443 900 1522 qui
944 1441 1225 1503 leviorem
1272 1443 1501 1504 faciunt
1544 1442 1740 1505 somni
1784 1440 2138 1503 simillimam
2169 1440 2380 1503 volunt
2422 1459 2572 1502 esse.

409 1527 590 1601 Quasi
618 1545 759 1588 vero
791 1527 1103 1606 quisquam
1150 1527 1230 1587 ita
1261 1526 1589 1605 nonaginta
1633 1545 1826 1588 annos
1854 1526 1994 1587 velit
2021 1526 2247 1601 vivere,
2292 1534 2390 1600 ut,
2437 1544 2575 1587 cum
2632 1538 2697 1588 15

407 1612 711 1692 sexaginta
744 1613 1105 1686 confecerit,
1150 1611 1417 1691 reliquos
1448 1611 1732 1686 dormiat;
1780 1629 1858 1671 ne
1888 1611 1980 1673 sui
2013 1611 2252 1691 quidem
2281 1613 2340 1674 id
2371 1610 2574 1682 velint,

411 1717 533 1760 non
566 1698 745 1758 modo
777 1696 924 1776 ipse.
1013 1695 1347 1777 Endymion
1379 1714 1558 1771 vero,
1598 1695 1646 1757 si
1678 1695 1908 1758 fabulas
1938 1697 2144 1758 audire
2175 1698 2475 1772 volumus,
2508 1706 2579 1757 ut

412 1796 497 1849 die
533 1794 761 1847 Zukunft
798 1794 890 1848 des
914 1793 1250 1847 Vaterlandes
1276 1794 1441 1859 Sorge
1543 1794 1648 1861 vgl.
1686 1794 1751 1847 V.
1787 1797 1871 1860 21,
1907 1796 2000 1848 62:
2049 1796 2217 1847 nollet
2251 1813 2377 1861 esse,
2420 1811 2470 1849 u.
2510 1811 2577 1857 a.,

411 1880 476 1916 zu
521 1869 729 1928 tragon,
774 1863 975 1914 welche
1011 1863 1137 1915 weit
1187 1862 1313 1914 tiber
1348 1877 1443 1915 un·
1544 1877 1606 1914 so
1641 1861 1758 1915 dats
1783 1861 1981 1915 Stellen
2013 1865 2114 1915 wie
2150 1869 2308 1917 unten
2343 1866 2428 1928 46,
2449 1865 2576 1916 110:

411 1947 561 1984 seren
598 1930 710 1984 Tod
747 1930 1077 1997 hinausliegt.
1545 1947 1655 1981 esse
1687 1935 1864 1997 potest
1908 1930 1989 1982 als
2033 1933 2325 1985 Ausnahme
2373 1948 2440 1984 zu
2485 1931 2579 1984 be-

482 2020 530 2071 0.
565 2016 914 2070 iudicantem.
953 2015 1119 2069 Wenn
1144 2019 1308 2070 lieet
1329 2019 1442 2071 sich
1545 2000 1781 2051 ‘lumen
1819 1998 1950 2082 sind.
2163 2067 2176 2080 .

414 2086 506 2138 auf
527 2086 643 2137 eine
668 2083 973 2151 allgemeine
998 2084 1194 2138 Person
1220 2086 1441 2150 bezieht,
1617 2070 1700 2121 15·
1738 2066 1906 2131 Qutm
1931 2083 2074 2133 vem,
2109 2082 2211 2123 Wle
2235 2067 2371 2119 oben
2397 2068 2481 2132 22,
2494 2069 2582 2121 50.

415 2154 499 2206 die
524 2153 682 2207 durch
707 2154 792 2204 ein
816 2151 1004 2206 Partic.
1029 2154 1333 2207 bezeichnet
1354 2155 1443 2219 ist,

415 2238 476 2275 so
502 2222 645 2274 steht
667 2221 850 2273 immet
873 2220 964 2273 der
987 2222 1128 2275 Ace.
1154 2239 1198 2277 c.
1223 2222 1340 2277 Ins.
1375 2252 1447 2262 —

414 2291 510 2343 Mit
545 2289 661 2341 dem
695 2288 863 2342 Inhalt
907 2290 998 2343 dee
1035 2290 1218 2344 Satzes
1249 2291 1356 2357 vgl.
1392 2308 1444 2359 p.

415 2358 570 2413 Arch.
607 2361 687 2423 11,
725 2360 947 2424 28-12,
983 2362 1067 2412 30.

488 2448 536 2497 7.
570 2446 645 2494 sit
677 2471 748 2483 —
782 2457 933 2509 agas.
977 2442 1333 2497 DerWeehsel
1358 2443 1450 2496 der

416 2512 679 2565 Personen
707 2511 798 2564 des
825 2510 977 2566 Verh.
1002 2511 1130 2577 dats,
1166 2512 1230 2565 da
1256 2516 1317 2563 tu
1341 2512 1451 2565 hier

420 2597 515 2633 nur
547 2581 663 2633 eine
688 2579 845 2632 andre
867 2579 1167 2647 Beziehung
1191 2572 1450 2633 ffir‘man'

417 2649 505 2713 ist,
541 2649 683 2701 nicht
705 2647 1021 2703 befremden.
1076 2648 1194 2715 Vgl.
1218 2647 1284 2701 de
1309 2648 1450 2703 deor.

421 2715 1451 2850 ε.ἒ.,3.3;.·84;.ἕεε’τ..ἰεέξ.ἐ“,.τῖ.;

419 2854 1052 2985 ..mertam-‘⁷⁹:33
1081 2854 1451 2985 zatum&

496 3008 577 3058 10.
607 3005 898 3072 pertinuit,
932 3004 1037 3070 vgl.
1075 3019 1119 3056 z.
1160 3006 1243 3068 11,
1281 2959 1366 3058 211.

497 3094 578 3143 14.
624 3088 845 3151 faciunt
877 3111 944 3132 ι-
979 3087 1222 3154 fingunt,
1258 3089 1364 3155 vgl.
1400 3104 1452 3155 p.

426 3159 597 3212 Flacc.
619 3161 704 3221 20,
723 3158 818 3209 46:
856 3171 977 3209 eum
1008 3160 1186 3209 verbis
1216 3174 1273 3208 se
1309 3157 1455 3209 locu—

423 3228 616 3295 pletem
652 3223 861 3288 faceret
891 3252 959 3264 --
990 3229 1279 3290 pecuniam
1312 3242 1454 3277 sum·-

419 3300 535 3364 pn’t
568 3299 829 3346 mutuam.

494 3366 670 3415 somni
683 3361 1027 3414 simillimam.
1065 3360 1135 3413 So
1147 3360 1293 3413 Hom.
1304 3360 1360 3415 Il.
1370 3361 1453 3415 xl.

427 3433 529 3485 242
565 3447 667 3484 von
714 3432 880 3482 einem
915 3429 1215 3482 Getoteten:
1267 3432 1455 3497 κοιμή-

428 3516 567 3552 σατο
620 3495 847 3567 χάλκεον
897 3500 1104 3564 {nvom
1157 3496 1287 3550 XIV.
1326 3500 1454 3550 231:

420 3560 617 3631 Ὕπνῳ
670 3595 733 3605 -
789 3569 1103 3636 κασιγνήτῳ
1161 3565 1455 3618 Θανάτοιο.

429 3636 636 3687 Ebenso
671 3634 807 3689 Plat.
842 3636 885 3685 A
925 3634 995 3687 ol.
1033 3633 1173 3686 Socr.
1212 3650 1265 3701 p.
1291 3636 1374 3687 40.

499 3703 689 3755 volunt
720 3719 842 3755 esse.
888 3651 1054 3754 lineae
1080 3701 1316 3767 Stellung
1352 3717 1455 3755 von

433 3788 541 3823 esse
586 3771 753 3823 hinter
796 3770 910 3823 dem
972 3770 1340 3823 Hilfszeitwort
1388 3771 1458 3822 ist

433 3841 514 3893 bei
553 3840 656 3893 Cic.
692 3839 775 3891 die
812 3838 892 3892 bei
932 3840 1139 3892 weitem
1176 3837 1456 3906 hfiuflgere,

1547 2134 1700 2187 Sinn:
1737 2135 1893 2188 durch
1922 2135 2063 2187 diese
2086 2133 2423 2201 Vorstellung
2446 2135 2584 2187 wird

1549 2203 1639 2255 der
1674 2201 1787 2254 Tod
1839 2202 2006 2255 einem
2050 2203 2195 2255 nicht
2238 2202 2454 2255 leichter
2489 2218 2581 2270 ge-

1549 2270 1970 2335 macht,sondern
1990 2286 2046 2323 es
2066 2271 2200 2337 folgt
2218 2271 2404 2323 durans
2422 2271 2584 2323 eben-

1552 2339 1672 2391 falls
1695 2354 1808 2402 nur,
1845 2339 1957 2391 dass
1980 2340 2064 2392 die
2086 2338 2256 2392 Toten
2279 2339 2435 2391 keine
2461 2338 2584 2390 Em-

1550 2406 1803 2474 pflndung
1837 2408 2023 2462 haben.

1628 2478 1705 2530 10.
1750 2491 1821 2526 ne
1841 2479 1929 2527 eui
1952 2476 2164 2542 quidem
2188 2479 2310 2528 cet:
2348 2474 2442 2526 Bei
2477 2473 2582 2527 den

1551 2543 1916 2610 Angehorigen
1953 2543 2075 2596 {first
2109 2543 2219 2596 sich
2256 2544 2339 2594 ein
2375 2542 2583 2595 solcher

1556 2612 1784 2664 Wunsch
1839 2613 1972 2665 noch
2025 2613 2148 2663 eher
2193 2614 2583 2673 vorauseetzen‚

1552 2680 1675 2732 weil
1700 2680 1775 2731 sie
1793 2680 1901 2733 sich
1923 2679 2056 2732 noch
2076 2679 2167 2732 der
2184 2678 2335 2746 Nihe·
2347 2679 2439 2731 des
2457 2678 2580 2730 Ent-

1554 2747 1852 2801 schlafenen
1864 2748 2096 2801 erfreuen
2106 2746 2581 2813 konnen,wihrend

1554 2816 1721 2868 dieser
1766 2816 1929 2869 selbot
1963 2816 2126 2882 vollig
2168 2815 2474 2869 bewutstlos
2509 2814 2583 2867 ist

1555 2885 1661 2937 und
1686 2883 1937 2937 demnach
1963 2899 2054 2950 gar
2069 2883 2459 2937 keinenVorteil
2475 2898 2579 2935 von

1557 2954 1752 3005 seinem
1787 2952 2045 3005 Zustande
2081 2953 2184 3005 hat.

1630 3024 1711 3074 17.
1745 3037 1857 3072 non
1883 3022 2041 3073 modo
2076 3021 2245 3073 hinter
2277 3036 2347 3072 ne
2371 3049 2433 3059 -
2462 3021 2580 3086 qui-

1557 3090 1677 3208 gem
1693 3080 1830 3171 '‘viel
1858 3081 2099 3156 weniger'
2123 3088 2207 3141 od.
2223 3086 2582 3155 ‘geschweige

1591 3172 1689 3209 enn
1712 3194 1726 3209 .

1625 3241 1753 3277 vero
1815 3225 2041 3289 freilich,
2094 3223 2387 3289 allerdings.
2483 3221 2584 3274 Der

1559 3292 1845 3358 Gegensatz
1870 3293 2002 3359 folgt
2024 3292 2078 3345 in
2102 3293 2193 3345 der
2213 3290 2404 3358 Frage:
2436 3289 2584 3343 Num

1570 3364 1582 3376 '
1631 3364 1738 3412 ‘tur
1768 3389 1839 3399 —
1875 3377 2074 3423 cemesg
2134 3364 2200 3412 ut
2240 3382 2308 3403 —
2353 3376 2424 3410 ex
2459 3374 2584 3424 quo.

1557 3376 1683 3481 ἔξω
1718 3429 1884 3481 Inhalt
1924 3429 2030 3495 vgl.
2065 3428 2129 3480 de
2163 3426 2252 3481 fin.
2293 3427 2351 3479 V.
2379 3431 2462 3494 20,
2487 3431 2580 3479 55:

1558 3498 1772 3563 Itaque,
1807 3513 1874 3548 ne
1916 3502 1967 3548 u·
2016 3497 2422 3548 iucundissimis
2465 3498 2583 3561 qui-

1559 3566 1677 3617 dem
1711 3581 1810 3617 nos
1836 3568 2062 3617 somniis
2093 3580 2288 3617 usuros
2315 3569 2587 3630 putemus,

1559 3634 1919 3701 Endymionis
1961 3649 2206 3684 somnum
2249 3634 2406 3683 nobis
2454 3631 2586 3681 veli-

1558 3717 1677 3753 mm
1699 3698 1842 3768 dari,
1871 3702 2037 3768 idque
2057 3705 2108 3752 εἰ
2131 3701 2358 3765 accidat,
2392 3702 2585 3750 mortis

1560 3774 1735 3821 instar
1781 3776 2042 3837 putemus.
2114 3769 2316 3822 Platon.
2370 3766 2587 3819 Phidon

1559 3854 1611 3905 p.
1639 3840 1703 3891 72
1717 3853 1763 3891 c.
