2834 4317
432 185 551 244 126
1129 186 1318 240 LIBER
1351 187 1409 245 11.
1451 191 1530 256 12,
1568 191 1649 244 29.
1689 192 1769 256 13,
1805 192 1888 243 30.

428 377 576 434 esse,
623 359 826 439 capior
855 369 915 421 et
956 360 1107 421 scire
1140 361 1313 441 cupio
1346 380 1467 440 quo
1506 362 1682 423 modo
1725 362 1806 436 id,
1853 362 2011 441 quod
2045 380 2155 440 ego
2186 363 2594 426 miserrimum

428 443 778 519 existimem,
818 464 896 505 ne
934 445 1154 506 malum
1201 446 1573 544 qfflemsit.
1605 484 1690 492 -
1732 447 1892 510 Nihil
1933 456 2039 525 est,
2085 448 2300 527 inquit,
2345 449 2590 524 malum,

430 529 544 591 nisi
575 531 736 609 quod
779 537 955 611 turpe
999 539 1178 609 atque
1220 525 1533 593 vlt1osffffi⁰
1530 541 1639 597 est.
1668 569 1754 577 —
1783 533 1871 593 Ad
1912 533 2167 614 ineptias
2210 534 2367 595 redis
2379 554 2397 611 ;
2444 535 2588 597 illud

428 615 610 689 enim,
642 616 805 695 quod
826 634 921 677 me
950 615 1226 695 angebat,
1259 636 1382 678 non
1423 618 1649 680 eximis.
1704 618 1841 680 Scio
1865 618 2131 681 dolorem
2164 638 2286 680 non
2321 638 2450 681 esse
2483 640 2593 682 ne-

428 701 709 780 quitiam3
754 701 961 763 desine
1006 701 1066 762 id
1107 719 1202 762 me
1233 701 1472 779 docere,
1516 704 1633 763 hoc
1663 702 1830 778 doce,
1877 703 2109 765 doleam
2139 723 2332 766 necne
2360 705 2590 767 doleam

428 785 577 847 nihil
606 787 914 849 interesse.
947 822 1033 832 —
1059 787 1394 867 Numquam
1428 788 1651 868 quicqu
1751 836 1766 863 ‚
1796 789 2012 885 inqgst,
2044 791 2117 851 ad
2145 788 2316 851 beate
2348 789 2589 869 quidem

426 872 762 947 vivendum,
807 871 968 951 quod
1017 873 1196 935 estin
1244 891 1361 935 una
1392 874 1606 935 virtute
1637 893 1715 954 po
1750 894 1770 935 1
1795 893 1927 950 um;
1971 876 2073 936 sed
2108 884 2200 936 est
2239 883 2438 937 tamen
2470 876 2591 937 rei-

428 956 727 1019 ciendum.
771 993 857 1003 —
899 955 1058 1019 Cur?
1097 991 1180 1001 —-
1223 959 1517 1039 Asperum
1572 968 1691 1034 est,
1739 968 1948 1020 contra
2002 968 2304 1035 naturam,
2349 961 2591 1023 difficile

323 1048 396 1103 13
429 1060 750 1123 perpessu,
795 1043 992 1119 triste,
1037 1044 1272 1105 durum.
1318 1080 1404 1090 —
1445 1045 1604 1107 Haec
1656 1052 1745 1106 est
1796 1046 1967 1125 copia
2017 1044 2368 1119 verborum,
2426 1046 2592 1125 quod

323 1138 383 1186 30
428 1145 638 1190 omnes
667 1147 792 1190 uno
831 1127 1014 1190 verbo
1042 1130 1266 1191 malum
1310 1130 1699 1210 appellamuS,
1731 1130 1787 1191 id
1819 1138 1909 1192 tot
1936 1131 2128 1192 modis
2156 1150 2334 1211 posse
2364 1132 2584 1193 dicere.

39 1324 368 1579 fiiis>

431 1213 655 1275 Definis
682 1222 750 1275 tu
778 1214 941 1289 mihi,
988 1234 1112 1276 non
1154 1215 1312 1277 tollis
1342 1216 1628 1291 dolorem,
1676 1234 1811 1276 cum
1856 1216 2004 1277 dicis
2034 1235 2328 1296 asperum,
2375 1225 2587 1278 contra

431 1306 722 1373 naturam,
770 1300 861 1360 vix
904 1300 1064 1379 quod
1109 1300 1250 1361 ferri
1292 1301 1654 1381 tolerarique
1700 1301 1919 1381 possit,
1966 1320 2081 1362 nec
2122 1301 2420 1376 mentiris3
2481 1303 2586 1363 sed

429 1401 495 1445 re
518 1383 909 1447 succumbere
932 1405 1055 1447 non
1084 1384 1415 1465 oportebat,
1443 1385 1637 1448 verbis
1657 1386 2032 1467 gloriantem.
2053 1421 2139 1429 —
2159 1387 2315 1448 Nihil
2337 1386 2585 1460 bonum,

429 1469 544 1530 nisi
570 1471 729 1549 quod
754 1471 1072 1533 honestum
1125 1470 1273 1532 nihil
1294 1472 1537 1546 malum,
1569 1472 1684 1533 nisi
1709 1471 1869 1550 quod
1891 1480 2088 1552 turpe.
2114 1507 2200 1517 —
2217 1472 2441 1552 Optare
2469 1472 2587 1532 hoc

430 1555 667 1633 quidem
701 1564 807 1629 est,
855 1575 978 1617 non
1126 1539 1264 1616 eaer'e'f
1264 1555 1284 1597 ἰ
1302 1556 1454 1618 Illud
1486 1566 1546 1618 et
1578 1557 1788 1618 melius
1819 1565 1879 1618 et
1906 1557 2121 1632 verius,
2169 1557 2389 1630 omnia,
2433 1575 2587 1636 quae

429 1647 1045 1784 naturassatspernetun
1085 1640 1144 1701 in
1179 1641 1348 1702 malis
1379 1661 1527 1718 esse,
1571 1659 1722 1739 guae
1752 1642 2058 1731 adsciscat,
2107 1643 2166 1703 in
2202 1641 2397 1704 honis.
2456 1642 2590 1703 Hoc

418 1705 625 1805 ‘ssffslffi
745 1725 1063 1787 verborum
1094 1727 1542 1788 concertatione
1580 1745 1649 1788 su
1717 1736 1808 1787 ata
1851 1735 2080 1788 tantum
2111 1736 2310 1788 tamen
2343 1727 2590 1789 excellet

426 1808 591 1882 illud,
626 1810 787 1888 quod
815 1819 977 1871 recte
1007 1811 1418 1890 amplexantur
1448 1812 1565 1886 isti,
1599 1811 1758 1891 quod
1788 1812 2126 1900 hpnestum,
2152 1812 2312 1892 quod
2335 1821 2588 1888 rectum,

430 1895 586 1973 quod
620 1894 903 1956 decorum
933 1897 1319 1976 appellamus,
1368 1898 1531 1975 quod
1561 1897 1717 1958 idem
1749 1875 2051 1958 ihte‘fflffin
2080 1897 2312 1959 virtutis
2341 1898 2590 1959 nomine

430 2098 521 2160 14,
557 2099 652 2150 44:
700 2100 1080 2162 argumentum
1121 2097 1453 2150 concludere.

428 2162 546 2283 Zgl.
582 2179 628 2217 z.
663 2164 700 2218 1.
738 2166 785 2228 2,
812 2167 867 2216 5:
906 2167 1311 2216 terminavimus
1344 2181 1456 2216 mo·

466 2248 573 2285 um.

499 2304 547 2353 1.
581 2304 770 2367 capior
821 2315 881 2352 so
914 2301 1051 2353 lasse
1074 2300 1159 2353 ich
1193 2302 1330 2353 mich
1366 2301 1456 2354 be-

426 2368 666 2435 stechem
731 2368 778 2421 d.
817 2369 869 2421 h.
923 2369 1053 2434 gehe
1105 2369 1289 2423 darauf
1353 2370 1456 2423 ein.

425 2436 648 2489 Ahnlich
688 2436 744 2487 V.
785 2440 866 2501 10,
903 2439 994 2491 28:
1040 2440 1125 2490 his
1161 2440 1457 2504 capiuntur

423 2508 680 2573 imperiti.

495 2578 545 2627 5.
585 2589 750 2625 necne
786 2574 879 2625 mit
914 2574 1300 2627 wiederholtem
1331 2573 1455 2627 Ver-

424 2643 547 2694 bum
596 2643 729 2695 auch
776 2643 840 2694 de
885 2642 1025 2697 deor.
1076 2659 1127 2696 n.
1161 2642 1199 2696 1.
1238 2645 1321 2707 22,
1360 2645 1451 2696 61:

423 2714 602 2761 sintne
627 2710 686 2760 di
707 2726 872 2762 necne
893 2714 1020 2774 sint,
1044 2710 1150 2763 und
1174 2717 1321 2764 sonst
1344 2710 1454 2763 bis-

427 2778 635 2830 weilen.

496 2848 542 2899 6.
580 2845 885 2911 Numquam
911 2848 1198 2911 quicquam
1232 2846 1452 2910 (starker

425 2913 503 2966 als
536 2915 681 2964 nihil
709 2917 982 2977 umquam)
1018 2928 1090 2966 sc.
1116 2917 1336 2965 interest
1358 2915 1452 2966 do-

426 2984 536 3033 leas
570 2998 736 3033 necne
770 2981 971 3032 doleas.

495 3053 540 3102 7.
588 3056 666 3100 est
697 3053 875 3100 tamen
910 3049 1258 3114 reiciendum,
1295 3050 1451 3103 nfiml.

424 3118 517 3171 das
542 3117 736 3169 dolere.
777 3117 922 3169 Alles
939 3118 1109 3171 ausser
1126 3117 1217 3169 der
1234 3117 1453 3184 Tugend

428 3184 531 3239 und
555 3187 669 3238 dem
690 3186 869 3238 Laster
891 3194 1118 3239 nannten
1143 3186 1226 3239 die
1246 3186 1453 3240 Stoiker

425 3251 707 3325 ἀδιάφορα
758 3255 1002 3321 (media),
1054 3255 1451 3308 unterschieden

425 3324 566 3376 diese
591 3324 753 3392 Dinge
778 3324 901 3375 aber
925 3324 1264 3390 (wenigstens
1289 3323 1448 3387 Zeno,

425 3393 567 3445 nicht
621 3394 812 3446 ebenso
856 3390 1057 3457 Aristo,
1107 3391 1215 3456 vgl.
1264 3391 1328 3443 V.
1362 3393 1447 3454 30,

426 3463 511 3525 85)
533 3462 587 3512 in
613 3465 933 3532 προηγμένα
966 3461 1268 3527 (producta,
1288 3476 1450 3524 prae-

420 3534 628 3596 posita,
694 3531 1037 3596 praecipua),
1115 3528 1451 3580 wunschens·

424 3603 601 3661 wel-te,
639 3614 686 3650 z.
708 3597 765 3650 B.
793 3597 1127 3662 Gesundheit,
1159 3595 1448 3659 Reichtum,

424 3681 474 3717 u.
500 3668 938 3736 ἀποπροηγμένα
962 3668 1203 3731 (remota,
1228 3668 1448 3729 reiecta)

425 3734 567 3787 nicht
601 3734 1091 3798 wunschenswerte,
1129 3734 1228 3786 wie
1253 3732 1450 3786 Krank·

424 3803 557 3868 heit‚
611 3801 878 3866 Schnoerz,
923 3805 1120 3855 Armut.
1200 3801 1450 3855 Ausfuhr-

423 3873 555 3926 lich:
593 3871 655 3925 de
691 3869 781 3927 fin.
817 3870 901 3925 IV.
939 3874 1131 3940 15sqq.

1625 2100 1673 2151 8.
1722 2101 1912 2149 contra
1947 2101 2221 2164 naturam,
2259 2098 2358 2150 wie
2394 2101 2444 2165 7,
2471 2102 2551 2151 17.

1628 2168 1710 2219 12.
1758 2169 1856 2217 uim
1901 2165 1992 2218 des
2028 2165 2363 2218 Nachdrucks
2399 2182 2588 2234 wegen

1556 2249 1652 2300 vor
1688 2235 1848 2302 quod,
1886 2235 1987 2286 wie
2024 2233 2200 2300 haufig
2235 2237 2334 2286 viae
2367 2240 2445 2287 ut.

1631 2306 1710 2357 13.
1747 2319 1807 2354 re
1841 2306 2198 2366 succumbere,
2233 2303 2354 2355 weil
2389 2303 2464 2355 sie
2500 2319 2589 2354 zu-

1558 2372 1753 2437 geben,
1807 2370 1922 2423 dass
1971 2371 2060 2424 der
2104 2370 2346 2423 Schmerz
2393 2377 2589 2423 contra

1556 2446 1813 2491 naturam
1847 2440 1940 2494 sei.

1627 2507 1785 2559 Nihil
1805 2510 2002 2558 bonum
2024 2535 2093 2546 —
2119 2512 2291 2573 turpe.
2331 2505 2445 2558 Dies
2469 2506 2614 2559 sind'

1558 2575 1814 2627 natfirlich
1844 2575 1926 2627 die
1940 2574 2133 2639 Worte,
2170 2577 2362 2641 quibus
2397 2575 2590 2639 (Zeno)

1551 2644 1848 2708 gloriatur.

1628 2714 1709 2764 14.
1747 2716 1935 2777 optare
1977 2738 2045 2747 —
2091 2710 2303 2761 docere:
2369 2710 2588 2761 fromme

1558 2777 1816 2831 Wunsche
1840 2778 2008 2843 hegen
2024 2805 2091 2816 —
2108 2777 2345 2830 Beweise
2382 2776 2587 2830 l'tihren.

1556 2846 1626 2899 So
1651 2846 1846 2899 delato
1866 2848 2052 2914 2o,47:
2094 2846 2294 2913 Optare
2327 2848 2429 2897 lzoc
2462 2848 2585 2912 qui-

1556 2916 1674 2967 dem
1709 2920 1804 2980 est,
1839 2931 1949 2966 non
1982 2915 2282 2981 disputare3
2329 2913 2486 2967 Acad.
2520 2912 2585 2969 II.

1557 2986 1782 3047 38,121:
1821 2983 2044 3035 Somnia
2079 2985 2209 3034 haec
2248 3000 2357 3033 esse
2389 2981 2588 3035 Demo-

1556 3055 1686 3120 criti
1730 3069 1839 3104 non
1882 3053 2143 3114 docentis,
2185 3052 2281 3101 sed
2326 3053 2586 3117 optantis.

1555 3120 1774 3172 Abulich
1813 3125 1971 3172 unteu
1999 3119 2062 3171 V.
2090 3125 2135 3183 l,
2155 3121 2186 3171 2
2221 3123 2347 3170 vota
2382 3117 2588 3181 facere.

1626 3191 1706 3241 16.
1744 3188 1856 3239 Hoc
1885 3191 2083 3253 posito.
2140 3186 2305 3239 Wenn
2332 3201 2450 3239 man
2475 3186 2586 3239 die—

1556 3270 1648 3307 sen
1687 3255 1806 3307 Satz
1843 3256 2091 3320 aufstellt‚
2125 3255 2246 3309 d.h.
2283 3256 2546 3307 annimmt.

1628 3328 1704 3378 17.
1754 3327 2167 3377 concertatione.
2244 3322 2343 3375 Der
2378 3322 2586 3374 Wider-

1550 3393 1739 3457 spruch
1755 3392 1845 3444 der
1856 3391 2065 3445 Stoiker
2081 3391 2207 3443 wird
2227 3391 2304 3444 als
2323 3392 2405 3443 ein
2417 3391 2587 3443 leel-er

1551 3459 1850 3512 Wortstreit
1868 3460 2188 3525 bezeichnet,
2209 3459 2330 3512 weil
2347 3460 2457 3511 ihre
2475 3460 2587 3512 An-

1551 3528 1687 3580 sicht
1701 3544 1806 3580 von
1831 3528 1947 3580 dem
1971 3528 2081 3581 hier
2098 3528 2584 3594 ausgesprochenen

1553 3595 1839 3649 Grundsatz
1885 3597 1974 3649 der
2017 3595 2393 3664 Peripatetiker
2445 3595 2587 3647 that-

1553 3665 1781 3716 siichlich
1818 3664 1959 3716 nicht
1992 3664 2329 3717 verschieden
2365 3664 2452 3718 ist.

1627 3736 1706 3786 18.
1729 3735 2022 3785 honestum.
2062 3732 2119 3785 ln
2145 3733 2234 3784 der
2259 3730 2583 3798 philosophi-

1554 3801 1711 3853 schen
1759 3800 1984 3868 Sprache
2038 3801 2127 3853 hat
2172 3803 2419 3853 honestus
2471 3798 2581 3851 und

1552 3872 1802 3922 honestae
1844 3869 1926 3922 die
1967 3869 2270 3936 Bedeutung
2313 3868 2406 3921 des
2451 3866 2583 3920 sitt-

2638 1132 2702 1184 10

2635 1559 2702 1609 15
