2834 4317
475 169 556 228 96
1204 165 1396 219 ussssn
1431 166 1466 220 1.
1502 167 1588 232 43,
1628 168 1742 219 103.
1781 167 1896 221 104.

476 362 598 405 non
625 340 968 422 ignobilem,
995 357 1200 402 nonne
1219 334 1552 400 miramur?
1582 336 1679 398 cui
1703 355 1838 398 eum
1861 338 2246 420 Lysimachus
2265 358 2372 401 rex
2394 359 2636 403 crucem

475 428 823 501 minaretur,
855 425 1008 502 Istis,
1036 443 1261 507 quaeso,
1291 424 1507 504 inquit,
1537 427 1650 484 ista
1667 421 1980 487 horribilia
1997 429 2272 488 minitare
2285 430 2634 506 purpuratis

339 525 390 569 „s
474 516 623 588 tuie;
676 511 960 575 Theodori
999 510 1224 592 quidem
1266 508 1419 572 nihil
1460 512 1694 572 intereat
1721 507 1959 571 humine
1986 530 2067 573 au
2092 512 2335 574 sublime
2361 522 2637 591 putescat.

647 596 829 660 Cuius
872 598 988 658 hoe
1018 596 1176 657 dicto
1216 595 1576 666 admoneor,
1635 601 1703 654 ut
1731 594 1954 674 aliquid
1984 596 2160 658 etiam
2191 596 2263 657 de
2290 596 2638 660 humatione

476 693 536 746 et
580 683 886 763 sepultura
915 682 1233 744 dicendum
1265 681 1626 753 existimem,
1671 697 1797 741 rem
1830 699 1955 742 non
1987 681 2320 756 difficilem,
2366 682 2438 744 iis
2466 701 2639 764 prae·
2689 694 2724 742 5

474 768 680 831 sertim
712 768 1000 848 cognitiS,
1045 785 1198 847 quae
1241 767 1315 828 de
1361 764 1510 827 nihil
1554 766 1869 827 sentiendo
1899 767 2077 845 paulo
2124 775 2261 828 ante
2291 767 2447 829 dieta
2476 778 2637 830 sunt.

474 854 562 916 De
608 872 722 932 qua
770 853 1045 915 Socrates
1089 851 1329 932 quidem
1374 850 1520 931 quid
1563 850 1819 913 senserit
1850 860 2100 933 apparet
2128 853 2190 913 in
2223 872 2294 914 eo
2339 852 2528 928 libro,
2572 854 2636 915 in

372 951 457 1000 103
479 957 599 1018 quo
629 938 902 1014 moritur,
933 938 1006 999 de
1040 956 1159 1017 quo
1191 938 1306 999 iam
1337 947 1461 998 tam
1488 935 1673 997 multa
1701 935 1975 999 diximus.
2052 936 2199 1000 Cum
2230 937 2391 1000 enim
2423 938 2497 999 de
2527 938 2639 999 im-

474 1024 832 1085 mortalitate
877 1022 1211 1085 auimorum
1243 1021 1656 1102 disputavisset
1698 1031 1757 1083 et
1799 1022 1913 1083 iam
1947 1023 2239 1085 moriendi
2269 1031 2506 1104 tempus
2535 1043 2639 1086 ur·

476 1117 680 1189 geret,
725 1117 969 1189 rogatus
1011 1127 1044 1170 a
1077 1108 1318 1171 Critone
1350 1126 1532 1187 quem
1562 1106 1635 1167 ad
1667 1107 1908 1168 modum
1954 1109 2197 1188 sepeliri
2222 1108 2431 1181 vellet,
2477 1108 2636 1170 Mul·
2693 1119 2762 1169 10

475 1205 596 1257 tam
640 1214 774 1259 vero
791 1242 810 1276 ‚
853 1193 1079 1273 inquit,
1123 1212 1360 1275 operam
1376 1239 1392 1269 ,
1437 1194 1615 1254 amici
1625 1238 1643 1262 ,
1686 1192 1919 1270 frustra
1960 1198 2287 1275 consumpsi
2293 1211 2311 1268 3
2409 1193 2643 1256 Critoni

476 1283 634 1342 enim
675 1291 872 1343 nostro
941 1298 1061 1343 nou
1109 1282 1381 1360 persuasi
1419 1296 1511 1339 me
1551 1275 1684 1339 hine
1727 1278 2104 1343 avolaturum
2129 1297 2307 1361 neque
2333 1283 2452 1341 mei
2477 1283 2639 1360 quic·

476 1384 649 1447 quam
690 1365 1049 1428 relicturum.
1148 1362 1360 1427 Verum
1401 1375 1594 1425 tamen
1610 1409 1626 1432 .
1676 1362 1836 1426 Crito
1852 1409 1869 1437 ,
1912 1367 1967 1426 si
1999 1383 2087 1426 me
2121 1366 2355 1446 adsequi
2373 1368 2640 1446 potueris

474 1461 578 1513 aut
598 1451 784 1514 sicubi
808 1461 1058 1513 nanetus
1086 1452 1220 1523 eris,
1249 1459 1316 1511 ut
1344 1448 1456 1511 tibi
1482 1448 1784 1520 videbitur,
1816 1450 2069 1531 sepelite.
2114 1449 2246 1526 Sed,
2277 1451 2422 1515 mihi
2457 1449 2635 1526 erede,

475 1554 642 1597 neimo
687 1555 776 1598 me
818 1546 1072 1598 vestrum
1087 1582 1103 1607 ,
1163 1554 1294 1598 cum
1336 1532 1473 1595 hine
1516 1551 1776 1597 eaeessero
1790 1581 1808 1607 ,
1852 1545 2241 1618 consequetur.
2329 1537 2644 1599 Praeclare
2696 1546 2766 1595 15

476 1621 527 1682 is
555 1622 815 1700 quidem,
849 1622 951 1699 qui
981 1631 1043 1682 et
1069 1620 1258 1681 amieo
1293 1619 1632 1698 permiserit
1673 1628 1734 1681 et
1774 1640 1839 1681 se
1884 1623 2212 1684 ostenderit
2240 1622 2313 1684 de
2356 1624 2472 1684 hoe
2513 1630 2641 1683 toto

372 1718 460 1769 104
472 1724 695 1787 genere
726 1706 874 1768 nihil
901 1706 1191 1768 laborare.
1251 1704 1471 1767 Durior
1512 1704 1828 1783 Diogenes,
1873 1715 1933 1766 et
1960 1707 2011 1769 is
2040 1707 2279 1787 quidem
2316 1707 2473 1769 idem
2499 1726 2642 1770 sen·

549 1880 596 1930 1.
634 1877 727 1928 oui
766 1890 906 1938 oum,
958 1888 1001 1926 e.
1021 1888 1085 1925 zu
1105 1874 1189 1937 34,
1209 1874 1299 1926 84:
1327 1873 1425 1937 qui
1441 1900 1502 1909 -
1604 1887 1843 1937 seuram,
1874 1874 1981 1926 und
2006 1874 2239 1942 angegen
2276 1876 2409 1928 oben
2436 1877 2519 1940 26,
2539 1877 2608 1928 65
2628 1896 2643 1927 ε

477 1946 850 1997 abstraxisset.
907 1941 1112 1994 Ebenso
1136 1941 1195 1996 ll.
1221 1942 1273 2007 8,
1296 1942 1389 2003 2o;
1426 1937 1505 1991 111.
1604 1958 1718 1993 nou
1748 1943 1898 1994 iusta
1934 1958 2124 2006 cau-503
2160 1945 2245 2009 35,
2267 1946 2359 1997 86:
2396 1946 2645 2010 ineptum

479 2016 566 2077 31,
602 2014 686 2066 76.
1606 2026 1736 2063 eane
1769 2013 2066 2076 negotium.
2119 2011 2216 2063 Ein
2239 2012 2434 2064 blosses
2458 2011 2640 2064 Subst.

549 2085 599 2136 3.
638 2081 864 2132 -liumine
926 2094 1001 2129 an
1052 2077 1278 2129 sublime
1331 2075 1507 2141 (nfiml.
1609 2093 1700 2130 zur
1734 2076 2098 2144 Bezeichnung
2133 2079 2223 2132 der
2257 2079 2477 2132 Absicht
2511 2078 2642 2132 oder

480 2165 562 2202 am
618 2149 865 2211 Kreuze),
919 2145 1307 2204 Paronomasie3
1376 2144 1510 2196 auch
1611 2145 1966 2213 Bestimmung
2025 2147 2115 2199 hat
2174 2153 2280 2200 eret
2332 2147 2498 2201 Tacit.
2559 2148 2641 2200 als

480 2220 552 2271 im
588 2216 816 2270 Griech.:
861 2217 1002 2284 ὑπὲρ
1044 2219 1142 2284 γῆς
1183 2216 1217 2279 ἢ
1251 2215 1364 2265 ὑπὸ
1397 2217 1511 2283 γῆς.
1611 2215 1926 2282 Apposition
1960 2214 2271 2281 naehl'olgen
2306 2215 2498 2269 lassen.

479 2287 636 2352 (Plut.
674 2284 855 2338 moral.
890 2284 946 2337 11.
984 2298 1034 2349 p.
1060 2284 1201 2346 499).
1684 2286 1731 2337 6.
1786 2284 1851 2336 de
1873 2284 2016 2336 nihil
2035 2284 2309 2336 sentiendo
2347 2300 2477 2350 ganz
2514 2285 2640 2337 sub-

547 2360 600 2410 4.
637 2353 801 2406 Cuius
824 2380 891 2392 —
915 2352 1208 2404 admoneor
1248 2352 1345 2402 eet.
1422 2346 1508 2399 Di-

516 2423 713 2477 ression
747 2421 876 2474 uber
910 2421 995 2473 die
1026 2420 1216 2483 irrigen
1250 2416 1355 2471 und
1390 2432 1508 2470 zum

526 2492 596 2545 eil
630 2489 1092 2554 aberglfiubisehen
1103 2486 1506 2552 Vorstellungen

476 2576 583 2614 von
632 2560 720 2612 der
758 2557 1097 2624 Wiehtigkeit
1145 2555 1237 2608 des
1281 2553 1508 2619 Begriib-

477 2629 665 2693 nieses,
687 2628 769 2680 bis
794 2626 828 2693 ὅ
854 2630 967 2680 109.
1009 2625 1318 2678 Admoueor
1340 2627 1403 2673 ut
1427 2622 1510 2672 di-

478 2698 705 2749 eendum
728 2698 1029 2747 eoeietimem
1050 2694 1120 2745 ist
1147 2690 1505 2744 Ciceronisehe

480 2764 625 2817 Folle
662 2764 742 2815 fur
773 2764 1070 2815 admoneor
1094 2760 1375 2812 dicendum
1397 2774 1508 2809 ene

479 2831 604 2884 oder
639 2831 779 2882 adm.
816 2836 880 2881 ut
912 2831 1106 2883 dicam.
1137 2857 1206 2866 —
1242 2828 1314 2879 Zu
1341 2826 1509 2879 Cuius

480 2901 580 2951 Ιιοο
604 2900 748 2950 dieto
771 2897 879 2965 νεὶ.
902 2900 983 2964 16,
1002 2899 1095 2951 36:
1125 2896 1298 2961 Quam
1321 2910 1509 2947 eorum

479 2970 805 3033 opinionem.

551 3040 599 3089 5.
646 3050 759 3086 rem
792 3050 902 3086 uon
937 3031 1249 3104 difficilem,
1285 3030 1508 3098 Apposi-

480 3104 590 3155 tion
627 3117 691 3154 zu
727 3102 938 3168 aliquid
957 3129 1029 3142 -
1052 3101 1353 3153 dicendum.
1401 3100 1506 3151 Cic.

477 3170 762 3239 gebraueht
784 3170 948 3223 oster-s
972 3171 1057 3223 ein
1081 3171 1175 3223 mit
1198 3170 1367 3222 einem
1386 3167 1506 3232 Adj.

477 3239 835 3293 verbundenes
870 3236 1045 3292 Subst.
1089 3240 1160 3291 im
1195 3236 1345 3291 Nom.
1382 3237 1508 3288 oder

477 3311 603 3361 Aee.
637 3308 714 3359 als
751 3309 790 3358 Α
830 3321 941 3374 pos.
990 3322 1052 3359 zu
1102 3308 1268 3359 einem
1306 3319 1505 3371 ganzen

482 3376 603 3430 Satz
628 3377 751 3429 oder
821 3375 1165 3442 ortkomplex,
1189 3389 1278 3426 um
1300 3374 1386 3426 ein
1410 3369 1503 3423 Ur-

481 3445 573 3497 teil
610 3443 1009 3509 hinzuzufiigen,
1051 3445 1121 3495 im
1156 3443 1279 3494 Aee.
1307 3440 1502 3507 jedoeh

479 3528 577 3564 nur
601 3513 754 3578 daun,
774 3527 926 3565 wenu
951 3512 1039 3564 der
1057 3511 1178 3565 Satz
1196 3511 1321 3563 oder
1335 3508 1504 3562 Wort·

479 3578 725 3649 komplex
770 3581 959 3645 selbst,
1012 3596 1077 3632 zu
1121 3579 1371 3631 welchem
1418 3577 1502 3629 die

480 3652 676 3715 Appos.
714 3649 926 3716 gehon,
970 3649 1049 3701 als
1084 3646 1276 3713 Objekt
1320 3645 1501 3698 anfzu-

479 3717 653 3769 fassen
687 3719 771 3768 ist.
835 3715 949 3783 Vgl.
984 3717 1048 3768 de
1085 3715 1172 3769 fin.
1206 3715 1265 3769 11.
1290 3717 1382 3779 23,
1408 3718 1501 3768 75:

477 3785 791 3852 intellegere
826 3800 988 3850 quam
1032 3786 1225 3837 dicatis
1259 3785 1504 3849 volupia-

478 3858 615 3920 tem5
636 3871 750 3907 rem
772 3854 1020 3908 videlieet
1036 3853 1315 3919 difficilem
1338 3860 1390 3906 et
1415 3853 1502 3904 ob·

1610 2352 1915 2405 stantivisch
1935 2353 2241 2418 gebraucht:
2267 2357 2395 2422 περὶ
2417 2359 2519 2405 τοῦ
2534 2373 2641 2421 μη-

1613 2416 1710 2473 δὲν
1746 2420 2146 2474 αἰσθάνεσθαι.
2186 2420 2301 2487 Vgl.
2329 2421 2408 2473 ΠΙ.
2434 2424 2516 2486 20,
2541 2425 2639 2474 47:

1609 2507 1645 2541 a
1679 2505 1791 2541 uon
1825 2489 2055 2541 dolendo
2107 2503 2211 2540 von
2249 2489 2337 2541 der
2374 2488 2646 2542 Sebmerz·

1609 2557 1883 2623 losigkeit3
1907 2556 2055 2622 V.40,
2071 2560 2193 2610 117:
2212 2559 2356 2609 nihil
2367 2559 2644 2610 sentiendi

1609 2626 2024 2689 receptaculum.

1678 2714 1726 2765 7.
1771 2713 1833 2761 in
1867 2727 1927 2761 eo
1964 2711 2130 2762 libro:
2169 2710 2298 2763 Plat.
2334 2709 2546 2763 Phidon
2585 2727 2639 2779 p.

1612 2782 1710 2833 115
1728 2795 1772 2832 c.

1674 2851 1737 2899 in
1795 2863 1866 2899 uo
1889 2847 2140 2909 moritur,
2176 2846 2278 2900 d.i.
2301 2846 2357 2899 in
2381 2847 2640 2899 welchem

1608 2917 1720 2967 sein
1802 2916 1868 2967 od
1904 2914 2240 2967 besehrieben
2276 2914 2432 2977 wird3
2469 2931 2531 2967 zu
2570 2916 2640 2967 de

1611 3001 1745 3051 quo,
1790 2984 1925 3035 ohne
1960 2987 2040 3048 et,
2082 2982 2190 3048 vgl.
2239 2986 2330 3047 25,
2365 2985 2456 3036 62:
2494 2998 2638 3049 quae

1608 3056 1916 3118 investigat.

1682 3141 1760 3191 13.
1798 3137 2021 3204 adsequi
2051 3138 2138 3203 (ιε
2172 3138 2469 3201 eomequi)=
2522 3136 2636 3187 ein-

1608 3206 1780 3268 holen,
1813 3208 2081 3258 nanciseix
2118 3203 2330 3270 zufallig
2366 3202 2562 3256 treffen.

1680 3294 1761 3345 14.
1797 3295 2042 3344 nanetus.
2101 3288 2220 3341 Dies
2244 3291 2312 3342 ist
2349 3289 2480 3343 nach
2514 3289 2636 3342 dem

1607 3357 2158 3411 ubereinstimmenden
2184 3357 2406 3424 Zeugnis
2441 3359 2531 3410 der
2555 3358 2633 3410 iil-

1606 3433 1776 3480 testen
1809 3426 2021 3481 Hdsehr.
2065 3425 2149 3478 die
2194 3427 2635 3480 vorherrsehende

1604 3495 1755 3549 Form
1791 3510 2050 3562 gewesen.

1679 3584 1758 3633 17.
1811 3580 2025 3631 Durior
2068 3579 2291 3646 (derber)
2342 3608 2409 3619 -
2452 3581 2634 3646 iussit,

1605 3649 1722 3700 eine
1747 3647 2005 3717 syllepsis
2029 3647 2111 3699 fiir
2132 3648 2346 3699 Durior
2360 3647 2636 3713 Diogenes

1603 3716 1741 3782 fuit,
1788 3719 1882 3782 qui
1915 3745 1983 3755 —
2017 3719 2192 3771 iussit.
2263 3715 2357 3767 Die
2401 3713 2632 3782 Begn‘in-

1605 3786 1746 3851 dung
1780 3800 1879 3836 von
1905 3786 2164 3850 asperius,
2200 3787 2468 3849 seduna,
2503 3784 2634 3850 liegt

1604 3853 1659 3907 in
1692 3854 2057 3918 inhumatum,
2110 3882 2170 3892 —
2218 3852 2489 3918 Diogenes
2525 3868 2631 3905 von
