2834 4317
129 1144 197 1196 10

125 1571 193 1622 15

218 2424 225 2430 ,
320 2376 366 2424 5.
421 2387 683 2424 summam
733 2390 845 2425 rem
892 2399 962 2419 =
994 2377 1276 2424 universae

1076 191 1267 245 umen
1300 192 1384 246 iv.
1422 194 1506 261 24,
1532 195 1614 246 53.
2298 195 2379 253 85

236 383 413 438 nem,
457 363 660 425 utilem
694 362 1288 445 etiam'demen'tiam‚
1321 366 1481 445 quod
1514 373 1573 426 et
1600 364 1796 427 insani
1827 374 1888 427 et
1917 366 2062 428 ebrii
2093 368 2274 431 multa
2303 369 2391 428 fa-

238 449 409 511 ciunt
438 467 615 529 saepe
646 450 1069 519 vehementius.
1132 448 1379 529 Semper
1409 451 1553 512 Aiax
1584 451 1772 526 sortis,
1802 452 2160 516 fortissimus
2191 463 2389 514 tamen

240 536 301 597 in
336 536 568 610 surore3
820 545 824 549 ⁴
884 534 889 539 ⁴

374 619 530 682 Nam
558 621 795 699 facinus
821 620 959 698 fecit
987 622 1353 692 mdoeumum,
1384 639 1515 682 cum
1547 619 1775 682 anais
1804 621 2223 684 inclinantibus

369 704 673 767 Summdm
699 725 822 767 rem
843 707 1119 785 perfecit,¹
1139 707 1322 767 manu
1352 709 1461 767 sud
1489 710 1742 768 restitm’t
1759 707 2049 787 proelium

369 789 695 852 Insdniens.

411 876 686 937 Dicamus
714 875 896 955 igitur
927 875 1130 937 utilem
1160 873 1495 937 insaniam?
1555 875 1765 937 Tracta
1808 877 2185 940 definitiones
2224 877 2394 938 forti-

241 960 481 1036 tudiniS‚
526 961 832 1040 intelleges
862 979 995 1022 eam·
1021 960 1324 1022 stomacho
1357 980 1483 1021 non
1515 978 1708 1039 egere.
1768 960 2077 1025 Fortitudo
2102 971 2191 1024 est
2220 962 2399 1043 igitur

242 1046 493 1107 adfectio
534 1046 714 1107 animi
744 1046 860 1124 legi
902 1064 1164 1109 summae
1205 1046 1265 1107 in
1311 1047 1715 1126 perpetiendis
1753 1047 1934 1108 rebus
1979 1047 2398 1127 obtemperans

240 1131 332 1192 vel
370 1131 738 1192 conservatio
784 1130 1006 1193 stabilis
1049 1131 1248 1192 iudicii
1291 1131 1353 1192 in
1403 1130 1488 1192 eis
1532 1131 1743 1205 rebus,
1793 1150 1943 1211 quae
1984 1133 2399 1196 formidolosae

240 1217 550 1290 videntur,
592 1216 918 1278 subeundis
948 1225 1008 1277 et
1035 1216 1393 1296 repellendis
1422 1216 1515 1277 vel
1542 1217 1789 1278 scientia
1819 1234 2022 1278 rerum
2051 1218 2396 1280 formidolo-

242 1319 443 1364 sarum
475 1303 1027 1380 contrariarumque
1072 1310 1174 1362 aut
1220 1301 1468 1362 omnino
1500 1301 2001 1381 neglegendarum
2043 1321 2400 1365 conservans

245 1397 448 1449 earum
471 1405 674 1449 rerum
697 1386 904 1448 stabile
926 1387 1228 1460 iudicium,
1256 1386 1347 1447 vel
1370 1385 1626 1461 brevius,
1660 1396 1727 1448 ut
1754 1386 2118 1469 Chrysippus
2150 1422 2235 1433 —
2261 1407 2398 1450 nam

243 1473 582 1553 superiores
625 1472 1006 1533 definitiones
1048 1482 1220 1533 erant
1262 1471 1540 1552 Sphaeri,
1587 1472 1846 1534 hominis
1888 1475 1948 1533 in
1995 1472 2203 1553 primis
2244 1474 2400 1535 hene

243 1557 614 1631 definientis,
660 1568 727 1619 ut
756 1565 969 1637 putant
999 1557 1215 1633 Stoici;
1259 1566 1401 1618 sunt
1432 1558 1592 1618 enim
1625 1557 1870 1620 omnino
1916 1577 2123 1620 omnes
2164 1559 2290 1621 fere
2319 1559 2402 1621 si·

240 1643 442 1719 miles,
486 1642 587 1704 sed
622 1641 925 1703 declarant
968 1642 1300 1704 communis
1329 1642 1609 1704 notiones
1648 1643 1759 1704 alia
1802 1644 1986 1722 magis
2027 1643 2137 1705 alia
2164 1678 2250 1688 —
2280 1663 2398 1724 quo

239 1728 420 1789 modo
464 1727 648 1806 igitur
677 1726 1083 1808 Chrysippus?
1141 1727 1451 1789 Fortitudo
1484 1736 1604 1801 est,
1646 1728 1872 1809 inquit,
1912 1729 2156 1791 scientia
2200 1747 2400 1792 rerum

240 1813 732 1894 perferendarum
752 1813 844 1873 vel
875 1813 1127 1874 adfectio
1152 1812 1334 1875 animi
1362 1813 1426 1874 in
1452 1812 1731 1893 patiendo
1756 1832 1824 1875 ac
1849 1815 2206 1893 perferendo
2237 1834 2401 1877 sum-

241 1917 374 1961 mae
404 1897 519 1976 legi
549 1916 769 1978 parens
798 1898 928 1960 sine
956 1898 1215 1960 'timore'
1250 1897 1529 1969 Quamvis
1556 1898 1696 1960 licet
1723 1899 2088 1961 insectemur
2115 1900 2291 1975 istos,
2335 1909 2403 1962 ut

313 2034 362 2083 4.
401 2029 617 2092 facinus
660 2029 795 2092 fecit
829 2036 948 2097 cet„
987 2033 1278 2098 jambische
1382 2028 1645 2101 ἀνδρείαν
1668 2028 1974 2101 ἐπιστήμην
1997 2030 2097 2103 φὴς
2121 2029 2320 2087 δεινῶν
2341 2054 2403 2087 τε

247 2099 528 2183 Oktonare,
561 2100 704 2152 viell.
747 2115 841 2181 aus
875 2099 1171 2183 Pacuvius-3
1201 2171 1222 2183 ..
1380 2103 1474 2152 καὶ
1497 2097 1851 2184 θαῤῥαῇέων
1884 2101 2042 2153 εἶναι.
2368 2169 2380 2181 ”

246 2168 1277 2304 ..335‘2'1‘55332n331v33‹2333ss
1377 2169 2402 2305 aeffuissffln2227⁶⁶iiiiinissff²fflasssst

246 2295 527 2365 weichen'3
564 2319 623 2357 so
660 2305 746 2357 bei
782 2305 1075 2359 Lim-oster.
1379 2254 1853 2371 Originalalzonnte
1903 2320 2017 2357 man
2055 2310 2110 2355 et
2144 2309 2272 2357 statt
2307 2310 2406 2356 aut

1378 2377 1662 2437 erwarten,
1712 2374 1835 2424 aber
1869 2372 1971 2425 Cic.
2013 2373 2104 2425 hat
2139 2373 2267 2439 sich,
2303 2375 2403 2426 wie

1379 2441 1512 2492 auch
1560 2440 1650 2493 der
1684 2440 1868 2492 Zusatz
1914 2444 2131 2492 omnino
2168 2441 2404 2506 beweist,

1378 2508 1526 2561 nicht
1558 2523 1725 2575 genau
1749 2508 1946 2560 danach
1969 2508 2221 2575 gerichtet
2244 2524 2294 2561 u.
2319 2509 2403 2561 die

1379 2571 1656 2646 ἀδιάφορα
1680 2577 1757 2628 als
1782 2576 1930 2629 einen
1965 2577 2185 2629 zweiten
2211 2577 2404 2643 Haupt-

1380 2644 1474 2697 teil
1516 2645 1614 2697 den
1650 2644 1877 2711 Diogen,
1914 2645 2113 2698 welche
2148 2646 2280 2697 nach
2314 2645 2405 2697 der

1382 2714 1533 2765 einen
1582 2711 1706 2765 oder
1753 2712 1975 2765 anderen
2020 2713 2159 2766 Seite
2208 2714 2289 2765 ein
2324 2713 2405 2765 ln-

1381 2784 1577 2833 teresse
1611 2780 1895 2845 einssol'sen,
1932 2785 2404 2849 entgegengesetzt.

248 2442 580 2506 reipublicae
604 2443 850 2495 salutem.
878 2434 997 2493 ‘Ale
1021 2441 1111 2493 der
1135 2441 1275 2494 Grie·

251 2510 383 2562 chen
416 2507 607 2561 Sebiffe
643 2510 911 2573 brannten‚
948 2524 1056 2561 war
1089 2510 1141 2561 in
1179 2511 1278 2562 sei-

248 2592 371 2629 nem
406 2577 528 2628 Arm
574 2576 666 2629 das
700 2574 846 2630 Heil?
895 2577 1011 2644 Vgl.
1047 2577 1192 2630 Hom.
1219 2577 1275 2630 n.

249 2644 362 2697 XV.
389 2647 485 2697 727
507 2652 620 2712 sqq.
658 2646 736 2696 An
758 2645 1159 2698 denWahnsinn
1184 2646 1277 2698 des

249 2714 385 2778 Ajzix
409 2713 480 2764 ist
512 2713 623 2765 hier
658 2714 800 2765 nicht
832 2729 896 2766 zu
934 2713 1135 2767 denken
1175 2715 1279 2767 und

250 2785 310 2832 in
346 2779 537 2842 furore
559 2780 803 2834 bedentet
836 2783 1048 2847 (ebenso
1072 2783 1172 2835 wie
1198 2786 1279 2833 in-

2419 841 2499 898 24

2440 923 2497 975 53

250 2850 513 2911 tunimo:
549 2850 602 2900 in
640 2848 730 2901 der
763 2850 1024 2904 Zornwut.

323 2921 369 2970 7.
418 2916 614 2969 Tracta
647 2912 835 2971 ‘Nimm
871 2915 1013 2981 vor',
1065 2918 1176 2971 also
1211 2943 1282 2964 =

253 2985 552 3039 considera.
590 2984 788 3052 Wegen
815 2985 905 3039 der
930 2985 1164 3039 Structur
1186 2985 1280 3038 des

253 3053 434 3106 Satzes
468 3067 509 3105 s.
536 3054 571 3107 Ι.
601 3056 681 3121 13,
705 3056 771 3108 30
808 3070 872 3107 zu
916 3054 1077 3107 Tolle.

325 3123 372 3174 8.
390 3123 740 3173 nomae-hoa-
758 3124 877 3186 ira(
883 3123 978 3175 wie
996 3121 1125 3176 auch
1147 3122 1280 3174 oben

255 3190 341 3253 21,
362 3191 428 3242 48
452 3191 797 3255 stomachari)
832 3190 974 3243 nicht
998 3191 1187 3253 selten3
1224 3191 1277 3242 in

253 3256 505 3324 gleichem
544 3256 701 3310 Sinne
737 3259 962 3311 nachher
994 3261 1186 3310 rabies.

324 3327 371 3377 9.
385 3325 494 3390 legi
516 3341 769 3390 summae,
788 3327 837 3378 d.
850 3327 902 3380 h.
918 3326 1277 3379 derVernunft.

323 3397 383 3444 in
423 3395 788 3460 perpetiendis
837 3396 996 3446 rebus
1011 3433 1027 3461 ‚
1078 3409 1150 3448 sc.
1186 3395 1281 3446 ad-

254 3478 440 3512 versu.

328 3531 408 3583 12.
435 3532 852 3595 contrariarum,
889 3528 936 3582 d.
963 3530 996 3582 i.
1031 3545 1142 3581 non
1164 3529 1281 3591 for-

253 3598 655 3650 midolosarum.
682 3597 827 3651 Stob.
845 3597 952 3650 Ecl.
969 3598 1072 3650 eth.
1091 3613 1140 3664 p.
1156 3601 1278 3651 104:

253 3661 593 3736 ἀνδρείαν
644 3662 714 3718 δὲ
759 3661 809 3729 (ὃ
858 3663 1060 3732 Ζήνων
1114 3669 1285 3736 φησὶν

252 3731 418 3798 εἶναι)
479 3733 788 3801 ἐπιστήμην
849 3731 1106 3786 δεινῶν
1170 3737 1284 3785 καὶ

252 3798 327 3853 οὗ
395 3797 649 3854 δεινῶν
704 3805 820 3854 καὶ
878 3797 1281 3872 οὐδετέρων.

250 3857 478 3922 Ᾱιιηιῑοιι
513 3868 662 3923 Plato
699 3870 945 3925 imLach.
976 3871 1007 3936 ς
1036 3872 1123 3923 67:
1169 3866 1277 3936 mv

1458 2852 1536 2903 13.
1576 2847 1918 2916 Chrysippus,
1964 2864 2006 2902 s.
2031 2865 2093 2902 zu
2118 2850 2153 2901 1.
2179 2852 2263 2915 45,
2289 2851 2404 2904 108.

1457 2920 1535 2970 14.
1585 2916 1874 2984 Sphaerus,
1920 2933 2042 2969 vom
2081 2917 2405 2971 thracischen

1382 2983 1666 3052 Bosporus,
1689 2987 1771 3038 ein
1799 2985 2015 3038 Schiiler
2031 2986 2217 3052 Zenon,
2241 2987 2406 3039 lehi-te

1382 3058 1554 3105 zuerst
1588 3053 1639 3104 in
1672 3053 2007 3120 Lacedamon,
2042 3054 2177 3107 dann
2214 3055 2266 3106 in
2286 3054 2407 3107 Ale-

1384 3120 1611 3173 xandria.

1453 3191 1534 3241 15.
1554 3192 1770 3240 omnino
1790 3188 1900 3242 hier
1917 3188 2192 3242 konzessiv
2208 3210 2219 3242 :
2234 3182 2409 3242 ‘aller-

1384 3255 1536 3321 dings
1568 3282 1638 3304 ==
1673 3250 1855 3311 zwar'.

1453 3327 1534 3378 16.
1599 3328 1892 3377 communie
1942 3327 2205 3376 nationes.
2283 3323 2408 3377 Dare

1382 3393 1529 3444 nieht
1553 3393 1877 3459 Stoicorum,
1914 3392 2133 3446 sondern
2170 3395 2407 3443 omnium

1382 3463 1658 3513 hominum
1702 3459 2125 3513 hinzuzudenken
2179 3460 2277 3525 ist,
2330 3474 2408 3512 er-

1381 3529 1528 3595 giebt
1553 3529 1660 3582 sich
1693 3544 1785 3582 ans
1813 3528 1928 3582 dem
1951 3526 2275 3595 Folgenden:
2311 3543 2408 3579 no-

1385 3601 1587 3649 tionem
1630 3603 1897 3661 nostram,
1951 3611 2112 3662 quam
2159 3598 2410 3648 habemus

1388 3681 1532 3717 omn
1545 3683 1608 3717 es
1642 3666 1707 3717 dc
1734 3664 2066 3728 fortitudine
2100 3670 2293 3718 tectam
2328 3669 2410 3716 at-

1386 3750 1488 3799 que
1522 3735 1839 3786 involutam.

1458 3806 1537 3854 17.
1573 3805 1765 3867 igitur,
1804 3802 1904 3854 wie
1941 3804 1989 3867 5,
2015 3803 2063 3854 9.

1459 3872 1537 3923 19.
1576 3871 1829 3934 Quamvis
1857 3870 1981 3922 licei
2001 3873 2321 3921 insectemur
2343 3890 2410 3911 -ι
