2834 4317
982 170 1170 222 LIBER
1204 169 1240 222 1.
1278 174 1361 233 30,
1400 174 1480 225 72.
1521 174 1603 223 73.
2298 173 2376 229 75

207 341 557 405 escendere.
648 341 735 401 Ita
781 342 942 402 enim
983 341 1263 403 censebat
1304 342 1502 422 itaque
1548 343 1851 418 disseruit,
1895 344 2041 406 duas
2085 363 2213 405 esse
2258 346 2379 407 vias
2406 350 2486 406 30

209 427 589 509 duplicisque
621 444 833 487 cursus
875 427 1210 488 animorum
1243 446 1274 486 e
1307 446 1561 507 corpore
1604 430 2037 491 excedentium.
2099 430 2245 490 Nam
2276 432 2378 511 qui
2423 442 2481 490 72

209 534 278 575 se
321 512 600 574 humanis
629 512 783 572 vitiis
813 512 1380 576 contaminavissent
1424 521 1485 573 et
1529 513 1780 575 setotos
1811 514 2159 576 libidinibus
2182 516 2377 578 dedis-

209 608 369 673 sent,
415 596 632 676 quibus
678 597 899 658 caecati
939 597 1030 658 vel
1060 597 1399 659 domesticis
1430 598 1581 660 vitiis
1611 607 1786 679 atque
1818 599 2052 678 flagitiis
2082 619 2145 661 se
2176 601 2376 680 inqui-

134 694 166 742 5
214 684 521 746 navissent
551 682 642 743 vel
684 701 750 743 re
792 681 1030 762 publica
1059 681 1330 748 violanda
1379 684 1616 744 fraudes
1646 684 2019 765 inexpiabilis
2064 688 2376 765 concepis-

209 778 367 841 sent,
400 769 470 829 iis
498 768 732 828 devium
764 768 1059 847 quoddam
1090 769 1205 830 iter
1235 786 1382 843 esse,
1414 769 1712 830 seclusum
1743 787 1774 829 a
1805 771 2059 831 concilio
2093 771 2375 848 deorum;

212 856 318 935 qui
364 861 560 915 autem
584 872 647 914 se
677 853 946 931 integros
977 863 1286 933 castosque
1327 854 1748 929 servavissent,
1793 853 2129 934 quibusque
2172 856 2378 918 fuisset

210 939 458 1000 minima
504 957 639 999 cum
689 937 1042 1018 corporibus
1083 939 1360 1017 contagio
1401 958 1651 1019 seseque
1696 939 1769 1000 ab
1815 940 1885 1001 iis
1927 959 2167 1021 semper
2210 961 2376 1003 sevo-

212 1026 510 1087 cavissent
541 1032 858 1103 essentque
889 1023 949 1083 in
981 1023 1336 1105 corporibus
1363 1025 1641 1086 humanis
1670 1025 1847 1086 vitam
1879 1026 2085 1087 imitati
2108 1028 2375 1103 deorum,

109 1119 170 1168 10
213 1112 289 1173 iis
334 1111 404 1170 ad
452 1109 603 1181 illos,
648 1127 681 1169 a
713 1107 930 1189 quibus
961 1118 1163 1171 essent
1206 1110 1500 1189 profecti,
1556 1110 1813 1171 reditum
1865 1111 2098 1172 facilem
2145 1121 2369 1191 patere.

214 1197 421 1276 Itaque
451 1202 897 1267 commemorat,
928 1203 995 1256 ut
1026 1195 1222 1276 cygni,
1253 1195 1354 1273 qui
1386 1214 1512 1256 non
1544 1195 1675 1256 sine
1705 1214 1879 1256 causa
1909 1195 2172 1275 Apollini
2203 1197 2377 1259 dicati
2419 1208 2477 1255 73
2570 1178 2649 1239 *s

210 1283 353 1355 sint,
385 1281 488 1343 sed
534 1281 691 1358 quod
730 1280 802 1341 ab
849 1299 919 1340 eo
963 1280 1383 1341 divinationem
1425 1279 1643 1340 habere
1684 1280 2021 1356 videantur,
2072 1298 2186 1359 qua
2230 1300 2372 1360 pro-

209 1366 481 1428 videntes
520 1365 660 1443 quid
703 1365 764 1426 in
798 1375 992 1426 morte
1022 1365 1169 1426 boni
1212 1365 1290 1426 sit
1319 1383 1456 1426 cum
1486 1373 1664 1426 cantu
1695 1372 1755 1425 et
1783 1365 2083 1445 voluptate
2113 1367 2374 1427 morian-

210 1463 342 1527 tur,
385 1450 471 1512 sic
511 1450 790 1512 omnibus
832 1450 1007 1512 bonis
1047 1459 1107 1511 et
1134 1450 1325 1511 doctis
1367 1469 1496 1511 esse
1536 1449 1892 1511 faciendum.
1980 1451 2104 1511 Nec
2131 1470 2270 1512 vero
2301 1451 2375 1512 de

111 1543 170 1592 15
211 1539 329 1599 hoc
368 1536 677 1615 quisquam
709 1535 979 1597 dubitare
1011 1544 1231 1616 posset,
1263 1535 1378 1597 nisi
1409 1535 1565 1596 idem
1599 1535 1776 1597 nobis
1805 1535 2097 1596 accideret
2121 1536 2373 1617 diligen-

211 1628 306 1683 ter
346 1622 418 1683 de
463 1621 661 1682 animo
708 1619 1138 1701 cogitantibus,
1186 1620 1345 1701 quod
1387 1621 1459 1682 iis
1501 1639 1677 1700 saepe
1708 1639 1820 1682 usu
1850 1621 2031 1693 venit,
2064 1621 2165 1700 qui
2190 1616 2372 1707 [cum]

210 1709 432 1769 acriter
455 1707 644 1768 oculis
670 1706 1045 1768 deficientem
1073 1707 1259 1768 solem
1282 1707 1683 1781 intuerentur,
1707 1714 1774 1766 ut
1796 1715 2098 1786 aspectum
2126 1709 2371 1769 omnino

285 1880 330 1930 1.
384 1876 468 1926 Ita
508 1878 649 1925 enim
686 1874 935 1925 censebat
969 1877 1066 1926 cet.
1137 1873 1237 1926 Das

211 1943 475 2010 Fulgende
529 1943 598 1995 ist
651 1957 743 1994 aus
796 1941 973 1993 Platos
1026 1940 1283 1993 Phiidon(

210 2028 264 2078 p.
277 2014 342 2065 80
355 2010 407 2064 ff.
427 2010 678 2076 entlehnt‚
696 2026 812 2062 zum
832 2009 946 2062 Teil
965 2010 1067 2062 fast
1086 2014 1240 2061 wort-
1260 2029 1261 2034 ¹

209 2080 315 2132 lich
352 2079 630 2131 ubersetzt.
702 2078 821 2144 Vgl.
867 2079 998 2130 auch
1035 2078 1138 2131 Cic.
1173 2077 1239 2129 de

207 2163 318 2214 rep.
342 2147 428 2201 Vl.
457 2149 539 2200 26.
610 2147 682 2199 Zu
718 2145 833 2199 dem
870 2146 1114 2198 Wechsel
1150 2146 1240 2198 der

209 2215 428 2283 Tempp.
454 2216 559 2281 vgl.
585 2217 633 2278 2,
653 2218 711 2270 4:
746 2216 1054 2278 floruerunt
1075 2214 1240 2266 disce-

211 2288 464 2350 bantque.

286 2356 332 2405 2.
371 2367 582 2403 cursusz
617 2350 930 2404 Reisearten.

1343 1874 1650 1939 uberhaupt,
1678 1874 1777 1925 wie
1804 1873 1867 1925 de
1893 1872 2051 1927 divin.
2076 1874 2111 1926 1.
2132 1878 2182 1938 4,
2203 1878 2258 1926 7:
2284 1892 2373 1925 ne-

1339 1942 1536 2006 glectis
1568 1945 1725 1993 rebus
1750 1943 1948 1993 divinis
1980 1944 2149 2009 impia
2173 1940 2372 2003 fraude

1346 2010 1598 2076 obligari,
1633 2009 1738 2062 und
1775 2010 1924 2063 oster.

1415 2082 1462 2129 7.
1500 2083 1689 2143 castet,
1726 2077 1934 2144 nbhpm
1971 2077 2153 2130 lauter.

1415 2149 1461 2201 8.
1497 2163 1726 2213 seseque.
1796 2145 1905 2198 Ans
1948 2148 2138 2211 quibus
2172 2145 2241 2198 ist
2277 2150 2373 2214 qui

1344 2230 1409 2266 zu
1446 2214 1758 2281 supplieren,
1802 2215 1939 2266 also:
1977 2218 2175 2280 quique
2206 2231 2335 2270 sese.

1411 2286 1815 2345 sevocavissent,
1863 2283 1967 2348 vgl.
2005 2297 2068 2334 zu
2109 2284 2191 2349 16,
2216 2286 2298 2337 38.

1417 2370 1494 2420 10.
1533 2366 1608 2418 ad
1638 2368 1763 2418 illoc
1795 2375 1894 2420 cet.
1929 2391 1999 2412 =
2034 2367 2108 2418 ad
2141 2368 2266 2418 deos
2301 2397 2367 2407 —-

223 2476 247 2487 η
284 2423 658 2485 animorum
705 2436 734 2467 e
781 2434 1060 2485 corpore
1105 2434 1238 2470 exc.

210 2488 467 2541 Ahnliche
490 2486 795 2553 Ubergiinge
818 2503 939 2539 vom
965 2487 1102 2540 Plur.
1123 2503 1236 2539 zum

210 2557 384 2623 δίης..
425 2559 505 2621 17,
523 2558 612 2608 40:
651 2558 860 2607 animos
894 2572 1016 2607 cum
1052 2572 1087 2616 e¹
1119 2571 1236 2607 cor-

200 2642 344 2692 pore
378 2626 727 2686 excester-in&
773 2622 829 2676 11.
866 2627 949 2689 23,
983 2627 1073 2678 54:
1124 2639 1238 2675 cor·

206 2696 434 2761 poribus
477 2721 546 2730 —
590 2696 833 2754 animia-53
892 2692 972 2746 ΙΙΙ.
1021 2696 1109 2758 10,
1145 2694 1240 2745 23:

209 2765 394 2827 aegris
428 2763 745 2827 corporibus
767 2789 832 2798 —-
853 2764 1023 2812 animi
1058 2764 1237 2826 aegri·

209 2832 367 2892 tud03
404 2828 490 2882 IV.
514 2833 594 2894 10,
615 2832 704 2882 23:
728 2832 928 2880 morbis
953 2845 1240 2897 corpon

207 2928 279 2937 --
313 2900 622 2949 morborum
659 2900 846 2949 animi.

281 2969 329 3020 3.
376 2968 628 3017 humanis
661 2968 833 3018 vitiisz
882 2965 975 3017 mit
1010 2965 1107 3016 den
1146 2979 1233 3030 ge-

209 3033 542 3086 wohnlichen
566 3033 777 3087 Lastern
813 3032 903 3085 der
938 3032 1234 3086 Menschen.

208 3102 343 3156 Plat.
374 3101 589 3154 Phidon
625 3117 674 3169 p.
695 3103 822 3155 84b.

279 3171 355 3222 Zu
389 3186 444 3221 se
479 3170 746 3223 dedissent
792 3168 926 3236 (sich
960 3168 1236 3235 hingeben‚
1278 3191 1281 3192 ⁷

210 3237 458 3291 wahrend
492 3254 549 3289 se
580 3238 771 3290 dedere
793 3260 861 3282 -ι
884 3237 976 3290 ist:
1015 3237 1124 3289 sich
1160 3252 1236 3288 er-

207 3307 426 3375 geben);
453 3307 557 3371 vgl.
575 3309 658 3369 47,
682 3309 803 3359 113:
827 3321 1012 3357 somno
1038 3305 1240 3357 dedisse

206 3375 314 3428 und
351 3391 401 3442 p.
437 3372 590 3429 Rosc.
626 3375 688 3426 A.
716 3379 764 3441 7,
793 3376 882 3427 18:
927 3389 1150 3440 cumque
1183 3392 1241 3426 se

205 3445 485 3495 voluntate
497 3445 674 3508 patris
684 3446 767 3494 rei
778 3442 1051 3504 familiari
1067 3444 1236 3494 vitae-

208 3528 312 3578 que
345 3513 584 3563 rusticae
618 3511 861 3564 dedisset.

278 3583 328 3634 4.
350 3582 499 3629 vitiis
518 3583 578 3630 at
613 3595 679 3630 ue
703 3577 1078 3644 flagitiis.Aus
1091 3577 1235 3630 diese

206 3647 396 3701 beiden
431 3646 580 3713 Begri
626 3663 653 3699 e
691 3648 817 3698 wird
864 3647 997 3699 noch
1033 3646 1102 3698 im
1139 3646 1233 3698 fol-

206 3716 412 3781 genden
448 3716 542 3768 mit
575 3718 816 3780 integros
841 3721 1116 3781 castosque
1139 3713 1235 3767 Be-

204 3799 326 3906 zug.
345 3799 729 3915 J‘fifflffffesxilnd
749 3840 1232 3904 hier‘Verbrechen'

1341 2437 1593 2487 reditum.
1662 2433 1959 2498 Beziehung
2003 2434 2094 2485 auf
2139 2436 2221 2486 die
2266 2451 2370 2487 von

1341 2502 1493 2555 Plato
1513 2516 1918 2568 angenommene
1932 2502 2258 2553 Praexistenz
2278 2503 2371 2554 der

1344 2571 1495 2624 Seele
1531 2572 1655 2637 (ng.
1694 2574 1775 2634 24,
1814 2573 1877 2621 57
1918 2587 1967 2623 u.
2006 2572 2110 2633 58).

1417 2661 1496 2712 11.
1532 2662 1596 2708 ut
1629 2659 1810 2725 cygni.
1857 2654 1934 2707 ΡΙ.
1960 2654 2119 2707 Ρὴῖιᾱ.
2155 2671 2206 2721 p.
2231 2656 2371 2709 85b:

1341 2726 1418 2786 (οἱ
1468 2729 1674 2790 κύκνοι)
1734 2727 1833 2775 ἅτε
1887 2732 1989 2776 τοῦ
2030 2720 2374 2778 ’Λπόλλωνος

1343 2797 1501 2847 ὄντες
1534 2798 1797 2847 ααντικοί
1828 2796 1888 2844 τά
1922 2796 2031 2847 εἰσι
2062 2796 2153 2843 καὶ
2188 2812 2371 2860 προει-

1344 2858 1501 2915 δότες
1545 2866 1616 2914 τὰ
1660 2866 1721 2915 ἐν
1756 2854 1895 2927 ᾅδου
1942 2860 2140 2931 ἀγαθὰ
2175 2855 2373 2925 ᾄδουσι

1341 2936 1434 2982 καὶ
1471 2936 1773 2999 τέρπονται
1797 2934 2011 2996 ἐκείνην
2037 2932 2139 2994 τὴν
2161 2933 2372 3000 ἡμέραν

1342 2995 1725 3068 διαφερόντως
1758 3001 1790 3064 ἢ
1828 3002 1889 3050 ἐν
1926 2998 2004 3063 τῷ
2045 2998 2372 3067 ἔμπροσθεν

1340 3071 1539 3136 χρόνῳ.
1622 3067 1755 3118 Kurz
1800 3066 1989 3117 voi-her
2039 3065 2236 3120 heissen
2293 3070 2369 3120 sie

1340 3132 1678 3188 Λπόλλωνος
1712 3134 2077 3203 θεράποντες.

1405 3225 1429 3272 1
1437 3223 1484 3273 2.
1497 3235 1602 3285 qua
1608 3220 1873 3285 providen
1879 3225 1951 3270 ces
1963 3249 2025 3256 —
2040 3223 2368 3286 moriantur,
2475 3273 2479 3277 Α

1343 3288 1458 3341 eine
1483 3287 1642 3339 durch
1665 3286 1765 3339 den
1791 3287 2245 3354 vorhergehenden
2265 3288 2368 3340 Ne·

1342 3357 1557 3409 bensatz
1580 3355 1889 3408 veranlasste
1915 3354 2261 3407 Anakoluthie
2275 3356 2369 3408 Τῦι·

1342 3442 1407 3477 ea
1435 3424 1796 3491 providentes.

1341 3557 1375 3612 ὃ
1411 3495 1491 3545 13.
1529 3497 1691 3543 cantu
1735 3499 1787 3543 ct
1829 3492 2130 3558 voluptate,
2166 3496 2228 3542 ἐν
2275 3487 2370 3543 διὰ

1377 3573 1517 3614 votv-

1410 3649 1490 3699 14.
1527 3646 1699 3697 doctis
1734 3644 1842 3696 hier
1877 3669 1943 3689 =
1972 3644 2329 3710 philosophis.

1410 3716 1491 3766 16.
1512 3717 1608 3779 qui
1627 3742 1690 3751 -
1709 3715 2067 3764 intuerentur.
2087 3712 2187 3763 Zur
2199 3711 2363 3763 Sache

1337 3782 1442 3848 vgl.
1484 3783 1612 3833 plat.
1650 3780 1809 3835 Ph'ad.
1846 3795 1899 3846 p.
1928 3779 2053 3833 99d.

1410 3854 1491 3903 17.
1529 3855 1818 3917 aspectum,
1855 3848 2111 3904 Sehkrast.
