2834 4317
985 183 1173 236 Lmen
1208 184 1245 238 1.
1284 186 1368 249 22,
1405 186 1489 237 52.
1529 187 1613 237 53.
2295 183 2375 241 61

226 376 379 418 mus.
455 355 851 417 Dicaearchus
909 355 1147 436 quidem
1193 353 1253 415 et'
1298 355 1717 429 Aristoxenus,
1765 356 1900 435 quia
1958 356 2211 417 difficilis
2255 365 2384 418 erat

222 440 408 503 animi
439 440 579 520 quid
611 450 712 503 aut
743 441 930 519 qualis
960 449 1116 503 esset
1136 439 1560 520 intellegentia,
1594 441 1823 502 nullum
1846 441 2092 503 omnino
2116 442 2383 503 animum

225 546 356 589 esse
389 525 687 587 dixerunt.
750 526 858 588 Est
889 525 1031 586 illud
1063 526 1301 605 quidem
1331 525 1424 587 vel
1454 544 1812 600 maxumum,
1858 528 2058 588 animo
2097 527 2227 607 ipso
2258 527 2386 588 ani·
2431 537 2486 586 52

227 631 392 674 mum
423 611 644 686 videre,
676 621 736 672 et
765 611 1046 673 nimirum
1078 611 1233 672 hanc
1264 610 1446 672 hahet
1485 612 1602 672 vim
1646 622 2032 693 praeceptum
2076 612 2384 692 ApolliniS,

145 710 176 757 5
227 717 352 777 quo
381 706 589 757 monet
619 705 687 762 ut
714 715 779 758 se
811 696 1061 776 quisque
1095 704 1318 757 noscat.
1378 696 1510 757 Non
1545 697 1725 772 enim,
1758 699 1957 772 credo,
1990 697 2048 758 id
2079 697 2386 778 praecipit,

222 795 294 844 ut
324 781 587 843 membra
622 791 824 844 nostra
857 790 960 842 aut
987 790 1270 843 staturam
1303 781 1627 860 figuramve
1659 801 2004 859 noscamus;
2050 801 2244 862 neque
2278 801 2388 844 nos

223 885 481 947 corpora
511 886 734 941 sumuS,
779 886 893 928 nec
922 885 1033 945 ego
1064 866 1170 927 tibi
1201 867 1346 927 haec
1376 867 1583 929 dicens
1610 868 1848 948 corpori
1892 878 1995 929 tuo
2027 868 2179 929 dico.
2240 866 2385 929 Cum

225 953 411 1032 igitur
432 971 593 1014 nosce
606 963 659 1013 te
674 952 833 1028 dicit,
857 953 972 1013 hoc
987 952 1163 1012 dicit:
1186 956 1826 1016 nosceauimumtuum.
1860 954 2004 1014 Nam
2022 972 2241 1033 corpus
2255 952 2388 1032 qui-

226 1039 366 1099 dem
396 1037 564 1116 quasi
592 1056 694 1099 vas
724 1046 814 1099 est
841 1046 942 1098 aut
970 1036 1208 1116 aliquod
1232 1037 1413 1097 animi
1444 1039 1918 1123 receptaculum3
1950 1039 2024 1099 ab
2055 1038 2253 1099 animo
2283 1047 2388 1099 tuo

118 1135 175 1184 10
227 1123 509 1202 quicquid
529 1123 742 1203 agitur,
765 1123 823 1184 id
838 1123 1031 1201 agitur
1052 1141 1084 1183 a
1106 1131 1184 1185 te.
1218 1122 1394 1183 Hunc
1408 1123 1592 1202 igitur
1613 1142 1789 1186 nosse
1808 1125 1920 1186 nisi
1936 1124 2197 1185 divinum
2217 1132 2389 1197 esset,

229 1228 358 1270 non
383 1218 538 1269 esset
568 1210 682 1269 hoc
712 1208 958 1270 acrioris
987 1208 1292 1269 cuiusdam
1321 1208 1502 1269 animi
1528 1219 1909 1289 praeceptum
1939 1209 2227 1271 tributum
2259 1207 2389 1268 deo.

405 1293 519 1355 Sed
563 1294 612 1355 si
659 1293 848 1373 qualis
892 1294 970 1354 sit
1012 1294 1246 1353 animus
1277 1292 1404 1373 ipse
1437 1294 1670 1354 animus
1716 1295 1959 1367 nesciet,
2006 1293 2119 1367 dic,
2152 1311 2393 1372 quaeso,

232 1398 312 1439 ne
344 1397 473 1439 esse
503 1378 741 1457 quidem
773 1397 838 1439 se
868 1380 1034 1453 sciet,
1068 1397 1145 1439 ne
1180 1378 1403 1439 moveri
1437 1379 1674 1458 quidem
1706 1377 1815 1441 se?
1847 1379 1935 1440 Ex
1966 1397 2085 1457 quo
2116 1377 2210 1438 illa
2242 1378 2393 1438 ratio

306 1551 353 1599 1.
387 1546 755 1597 Dicaearchus
795 1551 850 1596 et
891 1548 1079 1609 Arist„
1116 1560 1157 1596 ε.
1182 1548 1262 1611 10,

233 1616 301 1667 20
328 1631 379 1666 u.
405 1617 494 1675 21;
535 1618 615 1678 11,
636 1617 728 1675 24;
772 1616 859 1681 18,
883 1617 976 1676 413
1027 1614 1262 1679 quidem:

236 1682 454 1746 freilich,
472 1683 571 1735 den
593 1682 880 1749 Gegensntz
899 1681 1265 1747 bezeichnend,

238 1752 343 1801 wie
380 1753 463 1817 27,
499 1753 590 1812 673
634 1750 819 1802 andere
858 1753 940 1813 33,
977 1752 1058 1803 80.

306 1820 358 1873 3.
402 1819 489 1869 vel
525 1835 675 1871 wenn
719 1834 836 1870 man
892 1818 1019 1883 will,
1071 1818 1176 1884 vgl.
1214 1835 1264 1884 p.

237 1886 394 1941 Rosc.
428 1887 489 1937 A.
528 1888 578 1954 2,
615 1889 665 1941 6.
718 1887 1025 1939 adulescens
1057 1887 1144 1937 vel
1171 1903 1266 1953 po·

239 1957 583 2006 tentis-cimus.

308 2027 359 2077 4.
405 2028 458 2073 et
495 2026 756 2074 nimirum
804 2023 1115 2085 (eicherlich)
1159 2022 1266 2087 vgl.

238 2092 295 2144 ΙΙ.
334 2093 425 2155 23,
464 2095 553 2153 55;
598 2093 738 2142 hanc
772 2091 933 2141 habet
964 2093 1090 2156 vim,
1127 2091 1268 2142 niim·

238 2161 347 2211 lich
390 2162 636 2212 animum
679 2161 864 2210 animo
915 2162 1033 2226 ipso
1077 2159 1266 2210 videri.

242 2228 359 2293 Quo
404 2232 585 2279 monet
634 2227 919 2292 entspricht
969 2242 1099 2294 ganz
1151 2226 1269 2278 dem

240 2295 729 2361 Sprachgebrauche
774 2294 1006 2357 Ciceros,
1052 2294 1270 2346 wonnch

239 2381 299 2415 er
345 2379 507 2430 ganze
543 2363 695 2416 Siitze
739 2379 844 2415 von
890 2363 1056 2414 einem
1095 2361 1270 2414 Subst.

241 2433 379 2484 oster
415 2446 511 2484 nur
544 2431 806 2484 mittelbar
831 2431 1100 2496 abhfingen
1137 2430 1272 2495 licre,

239 2500 416 2553 indem
451 2516 506 2552 er
539 2516 603 2552 zu
629 2499 926 2552 demselhen
961 2499 1097 2551 noch
1120 2499 1271 2551 einen

239 2568 490 2620 verbalen
534 2567 807 2620 Ansdruck
849 2583 954 2618 von
997 2566 1271 2619 del-selben

242 2637 556 2702 Bedentnng
592 2636 887 2703 hinzuffigt,
923 2650 1028 2688 von
1063 2635 1180 2688 dem
1217 2650 1272 2687 er

242 2706 340 2757 das
363 2703 627 2770 Folgende
652 2704 912 2771 abhiingig
934 2704 1123 2756 macht.
1150 2703 1269 2770 Vgl.

244 2774 360 2825 Cat.
382 2771 452 2824 M.
482 2775 564 2837 10,
583 2774 673 2824 32:
710 2788 809 2823 nec
844 2775 986 2823 enim
1018 2788 1274 2838 umquam

241 2857 364 2892 sum
399 2841 654 2892 adsonem
696 2844 864 2892 veteri
904 2841 994 2892 illi
1027 2841 1266 2892 laudato·

245 2926 352 2976 que
393 2910 705 2974 proverbio,
756 2909 902 2976 quod
941 2914 1122 2960 monet
1162 2925 1273 2960 ma-

246 2983 369 3029 ture
403 2976 529 3039 fieri
559 2993 762 3039 senem,
805 2980 855 3027 si
899 2977 996 3028 diu
1031 2977 1164 3027 velis
1196 2993 1275 3027 se-

245 3063 359 3097 neoe
394 3061 526 3107 esseg
571 3044 754 3097 andere
787 3045 844 3097 11.
881 3049 931 3111 5,
969 3047 1056 3098 122
1110 3059 1277 3109 argu·

246 3118 500 3165 mentum.

318 3184 367 3235 5.
402 3185 466 3233 ut
485 3198 541 3232 se
566 3185 791 3248 quisque
812 3186 1014 3233 noscat.
1073 3179 1280 3231 Γνῶθι

248 3253 487 3302 σεαυτόν
520 3249 669 3302 stand
707 3249 832 3301 fiber
867 3248 982 3301 dem
1014 3247 1277 3314 Eingange

252 3320 345 3371 des
382 3316 717 3384 delphischen
754 3317 1014 3384 TempeIS.

320 3387 508 3437 credo:
556 3384 931 3453 eingeschnltet
974 3385 1131 3449 (ohne
1177 3386 1275 3451 ut),

249 3455 397 3517 nieht
414 3454 533 3506 dem
543 3455 697 3506 Sntze
716 3455 831 3506 eine
845 3458 1009 3505 etwas
1021 3453 1277 3504 ironische

247 3522 513 3589 Firbungx
531 3517 689 3575 ‘doch
713 3512 899 3582 wohl';
925 3521 1029 3588 vgl.
1050 3524 1133 3584 44,
1155 3523 1276 3582 105;

249 3591 458 3643 iihnlich
497 3594 717 3657 opinor,
764 3592 850 3654 36,
886 3591 948 3642 87
989 3606 1037 3640 u.
1075 3590 1158 3655 38,
1194 3592 1278 3641 92.

322 3662 372 3712 6.
403 3675 575 3725 neque
597 3675 695 3711 nos
719 3673 950 3724 corpora
973 3672 1172 3710 sumus.
1207 3656 1281 3708 De

249 3744 360 3796 rep.
378 3727 457 3779 Vl.
478 3730 562 3792 24,
582 3729 673 3780 26:
711 3725 826 3778 Nec
859 3728 999 3776 enim
1035 3730 1097 3775 tu
1130 3730 1179 3775 is
1213 3741 1285 3790 es,

250 3811 411 3863 quem
428 3794 613 3856 foma
631 3798 735 3846 ista
754 3794 1013 3857 declarat,
1029 3792 1123 3843 sed
1139 3809 1286 3843 mens

249 3869 514 3930 cuiusque
557 3868 606 3915 is
652 3868 733 3914 eet
766 3864 1015 3929 quisque,
1068 3877 1179 3912 non
1223 3878 1285 3912 ea

1365 1546 1579 1611 figura,
1631 1563 1768 1613 quae
1810 1547 1986 1611 digito
2034 1545 2395 1597 demonstrari

1359 1618 1659 1734 po'tzestbum
1694 1684 1873 1747 igitur
1908 1686 2006 1732 cet.
2061 1679 2195 1731 Plat.
2218 1678 2331 1731 Alc.
2356 1679 2394 1731 1.

1368 1752 1610 1817 p.131a:
1662 1753 1844 1817 ψυχὴν
1881 1752 1990 1818 ἄρα
2024 1752 2166 1815 ἡμᾶς
2197 1743 2398 1799 κελεύει

1367 1823 1641 1939 Ξέἴέόίὲαι
1697 1821 1729 1869 ὁ
1789 1820 2113 1870 ἐπιτάττων
2181 1823 2398 1886 γνῶναι

1442 1974 1521 2025 10.
1549 1975 1697 2034 esset,
1731 1987 1843 2022 non
1877 1976 2023 2021 esset.
2081 1969 2149 2021 So
2189 1969 2396 2021 werden

1373 2038 1547 2104 hfiufig
1583 2038 1797 2091 Formen
1836 2037 2109 2090 desselben
2144 2037 2399 2089 Verbums

1371 2123 1438 2159 an
1483 2107 1600 2159 dem
1640 2106 1780 2159 Ende
1827 2107 1919 2159 des
1956 2107 2106 2159 einen
2143 2105 2246 2157 und
2283 2105 2399 2157 dem

1372 2176 1577 2242 Anfang
1621 2176 1713 2228 des
1755 2175 1947 2228 andern
1986 2173 2167 2227 Satzes
2203 2189 2401 2226 zusam-

1373 2243 1720 2310 mengestellt,
1761 2243 1870 2296 bes.
1906 2245 1958 2294 in
1997 2244 2137 2295 einer
2171 2241 2401 2295 Konklu-

1375 2313 1515 2373 sion3
1554 2311 1657 2376 vgl.
1692 2313 1881 2363 vorher
1916 2313 2068 2375 dicit,
2103 2313 2204 2362 lzoc
2238 2312 2401 2373 dicit:

1374 2384 1537 2431 unten
1571 2381 1655 2432 42.
1683 2383 1807 2432 10οε
1847 2384 1933 2443 sit,
1970 2396 2103 2438 essm
2143 2377 2218 2430 111.
2241 2383 2290 2442 7,
2312 2382 2403 2431 14:

1376 2447 1525 2511 Quae
1569 2450 1663 2513 qui
1709 2450 1932 2513 recipit,
1986 2450 2218 2513 recipiat
2262 2446 2401 2497 idem

1373 2531 1582 2566 necesse
1617 2520 1697 2567 est
1728 2515 2095 2568 timiditatem.

1449 2604 1527 2655 11.
1555 2603 1785 2652 acrioris
1804 2601 2081 2651 cuiusdam
2100 2601 2286 2661 animi,
2312 2596 2403 2650 des

1375 2668 1567 2722 Thales
1613 2669 1694 2723 od.
1742 2668 1832 2720 des
1875 2668 2056 2719 Chilon
2104 2682 2197 2719 aus
2245 2665 2407 2718 Lake-

1377 2739 1603 2801 daimon,
1640 2736 1891 2789 ebensalls
1915 2737 2059 2789 eines
2094 2735 2185 2787 der
2220 2735 2397 2787 sieben

1377 2805 1604 2858 Weisen.
1641 2804 1760 2871 Vgl.
1780 2805 1844 2856 de
1863 2804 1952 2857 fin.
1966 2803 2027 2857 V.
2048 2805 2124 2868 16,
2136 2807 2226 2855 44:
2254 2804 2411 2868 Quod

1373 2880 1718 2941 praeceptum
1746 2877 1874 2940 quia
1893 2876 2068 2924 maius
2086 2875 2220 2936 erat,
2246 2888 2408 2937 quam

1377 2949 1441 2994 ut
1485 2945 1551 2994 ab
1588 2944 1799 2993 homine
1842 2942 2149 3003 videretur,
2197 2940 2403 2991 idcirco

1379 3011 1727 3073 adsignatum
1744 3015 1824 3061 est
1840 3010 1955 3062 deo.
1994 3009 2057 3060 de
2075 3009 2178 3074 leg.
2187 3007 2226 3061 Ι.
2239 3010 2408 3072 22,58.

1380 3077 1517 3130 Plut.
1555 3077 1695 3130 Dem.
1732 3094 1777 3129 c.
1804 3081 1860 3130 3:
1910 3081 1963 3129 εἰ
1994 3080 2205 3130 παντὸς
2238 3075 2307 3142 ἦν
2344 3079 2409 3127 τὸ

1382 3145 1631 3197 Γνῶθι
1684 3150 1946 3212 σᾳυτόν
1997 3147 2141 3212 ἔχειν
2193 3148 2409 3213 πρόχει-

1381 3233 1508 3283 ρον,
1569 3216 1667 3266 οὐκ
1721 3217 1793 3266 ἂν
1847 3211 2028 3267 ἐδόκει
2080 3216 2408 3283 πρόσταγμα

1384 3282 1551 3334 θετον
1587 3283 1745 3336 εἶναι.

1455 3370 1535 3420 13.
1581 3370 1728 3419 sciet.
1799 3367 1967 3420 Damit
2013 3368 2082 3418 ist
2127 3365 2269 3417 nicht
2317 3365 2410 3417 das

1381 3434 1609 3487 stoische
1658 3434 1865 3488 Wissen
1916 3435 2008 3487 des
2055 3433 2262 3486 Weisen
2322 3448 2410 3500 ge-

1380 3503 1565 3564 meint;
1608 3502 1743 3556 deun
1779 3504 1909 3555 auch
1945 3502 2029 3555 die
2064 3500 2411 3554 Akademiker

1384 3571 1666 3623 brauchten
1686 3572 1844 3636 jenen
1872 3570 2141 3623 Ausdruck
2166 3586 2266 3622 von
2293 3570 2408 3622 dem

1386 3638 1594 3691 Wissen
1632 3639 1724 3691 des
1760 3638 2269 3691 Wahrscheinlichen
2305 3639 2409 3689 und

1385 3707 1662 3774 leugneten
1700 3724 1793 3759 nur
1829 3707 1919 3759 das
1957 3706 2179 3772 Wissen,
2214 3707 2316 3756 wie
2352 3719 2409 3757 es

1388 3775 1472 3827 die
1509 3774 1716 3827 Stoiker
1753 3775 2043 3827 cuffessten.

1456 3863 1600 3911 ratio
1636 3881 1702 3901 ==
1739 3861 2113 3913 ratiocinatio,
