2834 4317
446 174 525 229 52
1213 170 1403 223 LIBER
1438 169 1475 223 1.
1513 175 1595 235 17,
1632 172 1714 222 39.
1751 173 1834 223 40.

322 243 352 278 *ἢ

161 279 298 380 Μ
360 353 427 408 17
618 343 730 404 Sed
763 343 942 405 redeo
988 344 1059 404 ad
1102 344 1398 423 antiquos.
1460 342 1772 404 Rationem
1818 342 1900 403 illi
1932 341 2263 403 sententiae
2304 358 2447 402 suae
2480 360 2607 402 non

447 431 571 489 fere
602 429 948 503 reddebant,
996 429 1109 490 nisi
1141 429 1281 508 quid
1327 439 1457 489 erat
1498 428 1764 490 numeris
1809 437 1910 489 aut
1952 424 2456 507 descriptionibus
2501 445 2610 487 ex-

342 529 402 579 39
447 514 803 592 plicandum.
878 515 1185 575 Platonem
1231 515 1463 587 ferunt,
1512 522 1577 574 ut
1616 513 2015 594 Pythagoreos
2065 521 2487 591 cognosceret,
2541 511 2607 574 in

447 598 671 660 Italiam
716 601 950 662 venisse
995 609 1056 661 et
1099 599 1372 661 didicisse
1419 599 1785 680 Pythagorea
1831 598 2047 672 omnia,
2106 598 2486 677 primumque
2532 599 2610 660 de

448 685 782 746 animorum
813 685 1162 746 aeternitate
1193 704 1318 746 non
1365 684 1556 746 solum
1602 683 1860 746 sensisse
1903 682 2059 745 idem
2107 681 2268 761 quod
2311 683 2611 763 Pythago·
2666 693 2708 741 5

448 788 594 843 ram,
625 770 729 831 sed
759 771 1049 831 rationem
1082 771 1254 831 etiam
1286 770 1569 832 attulisse.
1630 768 1843 842 Quam,
1889 768 2004 829 nisi
2051 767 2194 846 quid
2224 766 2387 845 dicis,
2431 786 2610 847 prae-

448 855 843 917 termittamus
873 865 934 916 et
960 856 1115 917 hanc
1146 866 1331 917 totam
1361 873 1530 935 spem
1574 853 2024 916 immortalitatis
2052 852 2479 931 relinquamus.
2540 855 2613 915 A.

452 940 540 999 An
572 949 638 1000 tu
669 960 809 1002 cum
838 959 932 1002 me
979 941 1040 1001 in
1087 960 1377 1003 summam
1411 939 1915 1020 exspectationem
1961 937 2293 1014 adduxeriS,
2324 937 2615 1001 deseris?

453 1023 667 1086 Errare
710 1044 806 1088 me
849 1026 1092 1088 hercule
1137 1026 1290 1087 malo
1336 1045 1473 1088 cum
1516 1026 1785 1099 Platone,
1845 1043 2024 1103 quem
2072 1033 2134 1084 tu
2178 1024 2383 1103 quanti
2429 1024 2615 1086 facias

451 1110 575 1171 scio
608 1120 667 1171 et
696 1129 874 1191 quem
907 1130 977 1172 ex
1008 1122 1112 1172 tuo
1146 1131 1250 1173 ore
1279 1112 1559 1185 admiror,
1604 1129 1782 1189 quam
1829 1129 1965 1171 cum
2011 1109 2138 1171 istis
2185 1128 2318 1171 vera
2362 1110 2610 1172 sentire.
2671 1118 2748 1168 10

209 1228 281 1241 ν
347 1196 405 1245 40
449 1194 532 1255 M.
563 1196 750 1293 MQe
793 1197 1038 1258 virtute!
1086 1215 1197 1275 ego
1243 1198 1402 1258 enim
1452 1197 1577 1277 ipse
1623 1214 1759 1257 cum
1806 1194 2015 1256 eodem
2061 1195 2172 1255 isto
2220 1214 2341 1256 non
2387 1195 2615 1256 invitus

450 1275 990 1343 erraverimsNum
1013 1283 1196 1362 igitur
1217 1279 1598 1344 dubitamus?
1621 1299 1697 1342 an
1723 1281 1877 1342 sicut
1902 1277 2614 1360 pleraqueavqnamquam

452 1367 564 1427 boc
611 1368 848 1446 quidem
894 1368 1170 1443 minime;
1214 1370 1580 1448 persuadent
1623 1367 1779 1428 enim
1813 1365 2238 1440 mathematici,
2293 1374 2513 1425 terram
2542 1365 2608 1426 in

452 1451 645 1513 medio
692 1454 917 1514 mundo
948 1454 1119 1515 sitam
1164 1454 1236 1514 ad
1282 1453 1543 1515 universi
1590 1452 1735 1513 caeli
1781 1451 2155 1530 complexum
2202 1450 2366 1528 quasi
2396 1450 2611 1530 puncti

451 1536 641 1596 instar
685 1536 975 1611 obtinere,
1022 1537 1179 1617 quod
1226 1540 1495 1618 κέντρον
1526 1537 1605 1598 illi
1652 1547 1866 1598 vocant
1882 1534 2084 1612 ‘heaut
2122 1553 2306 1615 porro
2338 1545 2614 1596 naturam
2674 1545 2751 1594 15

452 1640 581 1682 esse
612 1631 893 1699 quattuor
923 1623 1121 1682 omnia
1151 1622 1523 1701 gignentium
1555 1639 1895 1701 corporum,
1927 1629 2014 1694 ut,
2046 1621 2212 1699 quasi
2245 1607 2475 1700 partitis
2503 1621 2616 1681 ha·

234 1699 275 1766 'k
451 1705 636 1767 beant
663 1707 821 1768 iuter
850 1726 915 1767 se
943 1725 1012 1767 ac
1042 1706 1220 1767 divisa
1249 1716 1572 1781 momenta,
1616 1716 1855 1767 terrena
1899 1716 1961 1767 et
1989 1706 2187 1767 umida
2217 1692 2452 1786 suoffle‘
2460 1714 2615 1766 nutu

526 1811 571 1856 1.
622 1806 694 1856 ad
727 1809 1002 1871 antiquos,
1046 1822 1110 1858 zu
1146 1807 1247 1858 den
1283 1806 1482 1859 alter-en
1656 1807 1737 1859 12.
1772 1803 1919 1857 Num
1936 1809 2112 1871 igitur
2130 1807 2470 1857 dubitamus?
2505 1805 2614 1857 Cic.

454 1870 860 1940 Pythagoreern.
1584 1874 1799 1938 beginnt
1832 1874 1928 1925 mit
1957 1872 2049 1925 der
2071 1873 2374 1941 Erkliirung,
2409 1873 2521 1926 dass
2558 1889 2617 1926 er

525 1942 575 1994 2.
611 1956 721 1991 non
757 1939 874 2001 fere
903 1941 1211 1994 reddebant.
1265 1939 1352 1992 Sie
1390 1941 1480 1992 be·
1584 1956 1649 1992 an
1710 1939 1799 1992 der
1858 1939 2175 2007 Ricbtigkeit
2241 1941 2332 1993 der
2394 1941 2617 1994 A'nsicht

455 2012 686 2075 gnfigten
721 2010 830 2061 sich
869 2010 1198 2075 gewohnlich
1234 2010 1328 2060 mit
1362 2008 1480 2061 dem
1587 2008 1761 2060 Platos
1806 2024 1897 2074 gar
1945 2010 2087 2061 nicht
2134 2010 2375 2062 zweifeln
2420 2009 2614 2074 konne,

456 2076 713 2141 Spruche:
770 2078 950 2130 Αὐτὸς
997 2081 1091 2142 (sc.
1135 2077 1482 2146 Pythagoras)

455 2146 487 2194 ἔ
526 2164 576 2195 α.

485 2165 971 2279 φάεεσνίριίοηίῠτισ
1004 2236 1071 2257 -ι
1108 2213 1483 2279 geometriscbe

455 2280 702 2345 Figuren;
728 2282 831 2347 vgl.
852 2281 916 2333 de
936 2281 1023 2334 off.
1045 2280 1083 2334 Ι.
1098 2284 1317 2345 39‚138=
1337 2284 1484 2333 aedi·

455 2348 659 2467 Ιὶοαηιξίιι·
694 2350 1000 2415 descriptio,
1050 2349 1133 2402 die
1169 2350 1483 2416 Zeichnung,

456 2419 545 2469 der
646 2432 728 2470 an.

523 2489 572 2538 4.
607 2489 953 2552 primumque
987 2491 1089 2539 cet.
1160 2486 1285 2539 Dem
1323 2485 1483 2539 Sinne

457 2554 588 2605 nach
612 2554 767 2607 sollte
792 2555 874 2607 die
898 2554 1341 2620 Satzverbindung
1365 2555 1483 2607 eine

457 2622 832 2675 subordinierte
842 2624 952 2675 sein
967 2643 979 2674 :
993 2626 1352 2690 primumque,
1363 2639 1485 2674 eum

458 2689 523 2739 de
558 2693 865 2741 animorum
900 2695 1075 2742 aetate
1097 2696 1323 2743 sentiret
1341 2693 1487 2743 idem

459 2757 604 2821 quod
623 2759 985 2823 Pythagoras,
1020 2763 1286 2811 rationem
1323 2764 1486 2810 etiam

460 2824 717 2876 attulisse.
788 2823 932 2876 Nach
978 2827 1068 2877 der
1113 2835 1284 2879 ersten
1332 2828 1486 2880 Reise

460 2891 590 2943 nach
608 2890 786 2944 italien
799 2893 904 2956 (um
925 2895 1046 2956 387)
1063 2892 1164 2944 soll
1184 2894 1331 2946 Plato
1352 2896 1484 2947 noch

460 2959 697 3011 zweimal
733 2960 885 3012 dnbio
924 2959 1232 3027 gekommen
1268 2963 1397 3014 sein.

530 3030 576 3078 6.
628 3031 738 3078 nisi
782 3029 917 3094 quid
975 3030 1139 3094 dieis,
1208 3046 1359 3083 wenn
1415 3031 1485 3084 du

462 3095 602 3146 nicht
626 3101 791 3148 etwas
815 3097 1207 3165 vorzubringen‚
1234 3099 1280 3151 d.
1301 3100 1352 3152 h,
1379 3100 1486 3151 ein·-

462 3164 746 3215 zuwenden
782 3164 915 3217 hast.

534 3235 611 3285 10.
651 3248 744 3283 ore
762 3254 829 3275 ιι-
844 3250 1113 3286 sermone:
1137 3234 1485 3302 Darstellung.

532 3316 651 3352 eum
681 3303 818 3367 istis,
841 3303 936 3353 mit
959 3301 1142 3368 denen,
1167 3303 1250 3355 die
1275 3303 1358 3356 die
1381 3302 1487 3355 Un-

461 3369 816 3421 sterblicbkeit
839 3369 1078 3435 leuguen.

534 3441 615 3490 11.
652 3442 870 3490 virtute:
900 3436 1151 3490 treffliche
1169 3438 1484 3506 Gesinnung.

528 3520 638 3556 non
671 3509 876 3557 invitus
910 3510 1210 3557 erraverim
1255 3506 1354 3558 soll
1388 3523 1486 3559 nur

462 3570 565 3623 Cic.
596 3572 756 3624 hohes
782 3573 1037 3626 Zutrauen
1074 3590 1138 3626 zu
1164 3574 1340 3627 Platos
1366 3576 1485 3627 Ein-

461 3640 596 3691 sicbt
631 3638 968 3694 ausdrucken.
1021 3641 1135 3708 Vgl.
1173 3646 1257 3707 21,
1293 3647 1385 3696 49:
1420 3649 1486 3696 ut

460 3710 600 3758 enim
635 3715 734 3760 cet.
774 3725 821 3761 u.
859 3709 922 3762 de
958 3710 1095 3763 deor.
1122 3728 1201 3764 n.:
1237 3711 1482 3776 11.12‚32‚

460 3789 545 3827 wo
582 3791 637 3828 er
672 3780 828 3842 quasi
850 3780 1072 3845 quidam
1095 3780 1225 3832 deus
1242 3782 1485 3847 philoso-

451 3846 686 3910 phorum
721 3854 947 3911 genennt
984 3847 1126 3902 wird.

1584 2077 1722 2129 witd
1750 2077 1858 2129 sicli
1896 2077 2019 2129 aber
2066 2078 2231 2129 solort
2278 2079 2451 2130 seines
2487 2093 2618 2130 neu·

1586 2144 1982 2197 akademischen
2054 2143 2440 2211 Standpunktes
2526 2148 2618 2198 be-

1588 2212 1760 2277 wusst,
1796 2228 1905 2265 was
1940 2213 2030 2264 ibn
2066 2228 2130 2263 zu
2165 2211 2255 2264 der
2291 2212 2619 2281 Gegenfrage

1586 2281 1890 2333 veranlal'st:
1920 2297 1991 2332 an
2013 2284 2155 2331 sicut
2167 2282 2447 2348 pleraque,
2460 2283 2619 2335 nfiml.

1583 2353 1664 2401 sie
1699 2351 1799 2400 hoe
1834 2365 2041 2415 quoque
2075 2350 2415 2400 dubitamus?
2462 2349 2621 2403 ludes

1584 2418 1715 2468 wird
1750 2417 1883 2469 doch
1910 2417 2243 2469 unmittelbar
2278 2418 2463 2470 darauf
2486 2418 2618 2483 jede

1584 2485 1924 2551 Moglichkeit
1958 2486 2101 2538 eines
2124 2485 2368 2538 Zweifels
2402 2486 2480 2537 als
2521 2503 2618 2538 un-

1585 2553 1826 2606 statthal't
1861 2554 2274 2620 nacbgewiesen.

1658 2624 1736 2676 13.
1773 2625 1834 2673 in
1857 2623 2031 2673 medio
2056 2623 2256 2674 mundo
2279 2626 2455 2686 sitam,
2480 2636 2618 2687 ganz

1586 2706 1676 2752 so,
1725 2691 1826 2741 wie
1862 2706 1920 2741 es
1958 2691 2039 2743 bei
2076 2690 2226 2742 Plato
2264 2690 2416 2743 heifst
2452 2690 2616 2741 Phad.

1588 2758 1830 2825 p.108E:
1868 2761 1976 2828 (γῆ)
2000 2763 2062 2809 ἐν
2082 2762 2237 2825 μέσῳ
2275 2760 2358 2823 πῖ
2392 2758 2624 2827 obeam?

1588 2827 2284 2961 πεῖἰφΐᾶὶῗ-ἷῖῒνῗῇὶοωυηι,
2308 2893 2621 2945 imVerhiilt-

1588 2962 1667 3014 nis
1705 2978 1768 3013 zu
1807 2962 1922 3013 dem
1959 2962 2227 3029 Umsange.
2281 2962 2398 3027 Vgl.
2427 2963 2527 3015 Cic.
2551 2959 2620 3013 de

1590 3034 1718 3083 orat.
1741 3030 1797 3084 11.
1820 3033 1868 3095 6,
1884 3032 1974 3088 25;
2012 3034 2190 3081 virum
2213 3046 2324 3082 non
2346 3030 2622 3081 inlittera-

1588 3102 1720 3162 tum,
1755 3099 1849 3149 sed
1880 3099 2024 3149 nihil
2054 3100 2129 3150 ad
2160 3101 2418 3151 Persium.

1662 3170 1740 3220 16.
1777 3182 2081 3233 corporum,
2118 3183 2160 3220 s,
2196 3184 2240 3219 z.
2281 3170 2361 3232 10,
2394 3167 2477 3219 22.

1660 3238 1741 3287 17.
1786 3238 2052 3286 momenta
2097 3236 2208 3287 bier
2245 3230 2622 3301 ‘Bewegungs-

1592 3309 1816 3368 gesetze,
1856 3298 2215 3371 Richtungen'.

1656 3372 1856 3425 umida.
1913 3369 1984 3422 So
2008 3372 2078 3423 ist
2114 3371 2247 3423 nach
2270 3371 2368 3423 den
2396 3370 2618 3423 filtesten

1590 3437 1984 3490 Handscbristen
2021 3455 2084 3490 zu
2109 3440 2380 3491 schreiben
2413 3439 2493 3491 for
2517 3441 2621 3489 hu-

1586 3507 1752 3572 mt'da,
1791 3507 1888 3559 wie
1913 3523 2130 3559 umerus
2152 3509 2342 3575 (ὦμος)
2367 3511 2494 3559 statt
2516 3509 2618 3557 ltu-

1586 3590 1780 3627 merus.

1654 3649 1794 3695 nutu
1858 3641 2226 3696 Schwerkraft.
2314 3641 2388 3694 De
2429 3640 2617 3695 or.ll1.

1586 3714 1670 3773 45,
1710 3713 1806 3765 1Ί8
1854 3711 1981 3763 wird
2017 3728 2120 3764 von
2158 3712 2248 3765 der
2286 3711 2416 3763 Erde
2451 3709 2617 3763 selbst

1586 3780 1670 3831 ein
1706 3779 1971 3833 ahnlicher
1994 3780 2266 3834 Ausdruck
2305 3780 2612 3845 gebi-auem:

1585 3848 1983 3901 Incolumitatis
2025 3865 2091 3901 ac
2134 3850 2328 3901 salutis
2376 3850 2617 3922 omnium
