<?xml version="1.0" encoding="UTF-8"?>
<!DOCTYPE html PUBLIC "-//W3C//DTD XHTML 1.0 Transitional//EN"
    "http://www.w3.org/TR/xhtml1/DTD/xhtml1-transitional.dtd">
<html xmlns="http://www.w3.org/1999/xhtml" xml:lang="en" lang="en">
 <head>
  <title>
</title>
<meta http-equiv="Content-Type" content="text/html;charset=utf-8" />
  <meta name='ocr-system' content='tesseract 3.04.00' />
  <meta name='ocr-capabilities' content='ocr_page ocr_carea ocr_par ocr_line ocrx_word'/>
</head>
<body>
  <div class='ocr_page' id='page_1' title='image "./mtulliiciceroni02sorogoog_0099.png"; bbox 0 0 2834 4317; ppageno 0'>
   <div class='ocr_carea' id='block_1_1' title="bbox 943 192 2335 258">
    <p class='ocr_par' dir='ltr' id='par_1_1' title="bbox 943 192 2335 258">
     <span class='ocr_line' id='line_1_1' title="bbox 943 192 2335 258; baseline 0.006 -13"><span class='ocrx_word' id='word_1_1' title='bbox 943 192 1133 245; x_wconf 82' lang='lat' dir='ltr'>LIBER</span> <span class='ocrx_word' id='word_1_2' title='bbox 1164 192 1202 246; x_wconf 91' lang='lat' dir='ltr'>l.</span> <span class='ocrx_word' id='word_1_3' title='bbox 1237 195 1321 258; x_wconf 78' lang='lat'>41,</span> <span class='ocrx_word' id='word_1_4' title='bbox 1359 194 1440 246; x_wconf 83' lang='lat'>98.</span> <span class='ocrx_word' id='word_1_5' title='bbox 1480 197 1564 250; x_wconf 82' lang='lat'>99.</span> <span class='ocrx_word' id='word_1_6' title='bbox 2254 195 2335 253; x_wconf 85' lang='lat'>93</span> 
     </span>
    </p>
   </div>
   <div class='ocr_carea' id='block_1_2' title="bbox 97 365 2340 1132">
    <p class='ocr_par' dir='ltr' id='par_1_2' title="bbox 97 365 2340 1132">
     <span class='ocr_line' id='line_1_2' title="bbox 172 365 2336 444; baseline 0.001 -16"><span class='ocrx_word' id='word_1_7' title='bbox 172 373 247 428; x_wconf 85' lang='lat' dir='ltr'>ab</span> <span class='ocrx_word' id='word_1_8' title='bbox 280 366 373 439; x_wconf 93' lang='lat' dir='ltr'>iis,</span> <span class='ocrx_word' id='word_1_9' title='bbox 407 366 509 444; x_wconf 91' lang='lat' dir='ltr'>qui</span> <span class='ocrx_word' id='word_1_10' title='bbox 538 384 603 428; x_wconf 89' lang='lat' dir='ltr'>se</span> <span class='ocrx_word' id='word_1_11' title='bbox 634 366 895 429; x_wconf 88' lang='lat' dir='ltr'>iudicum</span> <span class='ocrx_word' id='word_1_12' title='bbox 927 385 1179 429; x_wconf 90' lang='lat' dir='ltr'>numero</span> <span class='ocrx_word' id='word_1_13' title='bbox 1210 365 1418 428; x_wconf 90' lang='lat' dir='ltr'>haberi</span> <span class='ocrx_word' id='word_1_14' title='bbox 1450 368 1675 444; x_wconf 90' lang='lat' dir='ltr'>volunt,</span> <span class='ocrx_word' id='word_1_15' title='bbox 1706 369 1978 444; x_wconf 79' lang='lat' dir='ltr'>evaseris,</span> <span class='ocrx_word' id='word_1_16' title='bbox 2008 369 2082 430; x_wconf 89' lang='lat' dir='ltr'>ad</span> <span class='ocrx_word' id='word_1_17' title='bbox 2113 388 2216 431; x_wconf 92' lang='lat' dir='ltr'>eos</span> <span class='ocrx_word' id='word_1_18' title='bbox 2239 388 2336 430; x_wconf 91' lang='lat' dir='ltr'>ve-</span> 
     </span>
     <span class='ocr_line' id='line_1_3' title="bbox 177 451 2336 533; baseline 0.001 -19"><span class='ocrx_word' id='word_1_19' title='bbox 177 452 339 525; x_wconf 90' lang='lat' dir='ltr'>nire,</span> <span class='ocrx_word' id='word_1_20' title='bbox 401 451 506 529; x_wconf 85' lang='lat' dir='ltr'>qui</span> <span class='ocrx_word' id='word_1_21' title='bbox 549 471 686 513; x_wconf 91' lang='lat' dir='ltr'>vere</span> <span class='ocrx_word' id='word_1_22' title='bbox 728 452 954 513; x_wconf 84' lang='lat' dir='ltr'>iudices</span> <span class='ocrx_word' id='word_1_23' title='bbox 997 452 1403 533; x_wconf 81' lang='lat' dir='ltr'>appellentur,</span> <span class='ocrx_word' id='word_1_24' title='bbox 1463 453 1758 529; x_wconf 80' lang='lat' dir='ltr'>Minoem,</span> <span class='ocrx_word' id='word_1_25' title='bbox 1806 454 2336 530; x_wconf 80' lang='lat' dir='ltr'><strong>Rhadamanthum,</strong></span> 
     </span>
     <span class='ocr_line' id='line_1_4' title="bbox 174 536 2338 619; baseline 0.001 -21"><span class='ocrx_word' id='word_1_26' title='bbox 174 538 469 611; x_wconf 87' lang='lat' dir='ltr'>Aeacum,</span> <span class='ocrx_word' id='word_1_27' title='bbox 516 536 978 617; x_wconf 85' lang='lat' dir='ltr'>Triptolemum,</span> <span class='ocrx_word' id='word_1_28' title='bbox 1010 537 1456 617; x_wconf 79' lang='lat' dir='ltr'>convenireque</span> <span class='ocrx_word' id='word_1_29' title='bbox 1487 558 1622 615; x_wconf 91' lang='lat' dir='ltr'>eos,</span> <span class='ocrx_word' id='word_1_30' title='bbox 1655 541 1758 619; x_wconf 89' lang='lat' dir='ltr'>qui</span> <span class='ocrx_word' id='word_1_31' title='bbox 1788 540 1939 602; x_wconf 91' lang='lat' dir='ltr'>iuste</span> <span class='ocrx_word' id='word_1_32' title='bbox 1969 548 2029 602; x_wconf 94' lang='lat' dir='ltr'>et</span> <span class='ocrx_word' id='word_1_33' title='bbox 2056 558 2190 601; x_wconf 92' lang='lat' dir='ltr'>cum</span> <span class='ocrx_word' id='word_1_34' title='bbox 2222 541 2338 601; x_wconf 88' lang='lat' dir='ltr'>fide</span> 
     </span>
     <span class='ocr_line' id='line_1_5' title="bbox 176 622 2337 704; baseline 0.002 -22"><span class='ocrx_word' id='word_1_35' title='bbox 176 622 463 684; x_wconf 82' lang='lat' dir='ltr'>vixerint:</span> <span class='ocrx_word' id='word_1_36' title='bbox 495 622 640 684; x_wconf 90' lang='lat' dir='ltr'>haec</span> <span class='ocrx_word' id='word_1_37' title='bbox 670 623 1070 703; x_wconf 85' lang='lat' dir='ltr'>peregrinatio</span> <span class='ocrx_word' id='word_1_38' title='bbox 1101 622 1419 686; x_wconf 88' lang='lat' dir='ltr'>mediocris</span> <span class='ocrx_word' id='word_1_39' title='bbox 1439 623 1608 686; x_wconf 90' lang='lat' dir='ltr'>vobis</span> <span class='ocrx_word' id='word_1_40' title='bbox 1629 624 1812 686; x_wconf 90' lang='lat' dir='ltr'>videri</span> <span class='ocrx_word' id='word_1_41' title='bbox 1836 623 2076 704; x_wconf 78' lang='lat' dir='ltr'>potest?</span> <span class='ocrx_word' id='word_1_42' title='bbox 2108 633 2178 687; x_wconf 90' lang='lat' dir='ltr'>ut</span> <span class='ocrx_word' id='word_1_43' title='bbox 2197 644 2337 687; x_wconf 88' lang='lat' dir='ltr'>vero</span> 
     </span>
     <span class='ocr_line' id='line_1_6' title="bbox 97 707 2338 790; baseline 0.002 -24"><span class='ocrx_word' id='word_1_44' title='bbox 97 718 128 766; x_wconf 87' lang='lat'>5</span> <span class='ocrx_word' id='word_1_45' title='bbox 175 707 466 787; x_wconf 82' lang='lat' dir='ltr'>conloqui</span> <span class='ocrx_word' id='word_1_46' title='bbox 497 726 633 769; x_wconf 89' lang='lat' dir='ltr'>cum</span> <span class='ocrx_word' id='word_1_47' title='bbox 664 708 938 787; x_wconf 89' lang='lat' dir='ltr'>Orpheo,</span> <span class='ocrx_word' id='word_1_48' title='bbox 967 709 1242 783; x_wconf 85' lang='lat' dir='ltr'>Musaeo,</span> <span class='ocrx_word' id='word_1_49' title='bbox 1273 709 1569 784; x_wconf 85' lang='lat' dir='ltr'>Homero,</span> <span class='ocrx_word' id='word_1_50' title='bbox 1608 710 1868 772; x_wconf 89' lang='lat' dir='ltr'>Hesiodo</span> <span class='ocrx_word' id='word_1_51' title='bbox 1897 710 2102 784; x_wconf 90' lang='lat' dir='ltr'>liceat,</span> <span class='ocrx_word' id='word_1_52' title='bbox 2133 712 2338 790; x_wconf 85' lang='lat' dir='ltr'>quanti</span> 
     </span>
     <span class='ocr_line' id='line_1_7' title="bbox 175 792 2337 876; baseline 0.001 -22"><span class='ocrx_word' id='word_1_53' title='bbox 175 793 422 854; x_wconf 90' lang='lat' dir='ltr'>tandem</span> <span class='ocrx_word' id='word_1_54' title='bbox 451 792 817 857; x_wconf 73' lang='lat' dir='ltr'>aestimatis?</span> <span class='ocrx_word' id='word_1_55' title='bbox 846 792 1138 873; x_wconf 88' lang='lat' dir='ltr'>Equidem</span> <span class='ocrx_word' id='word_1_56' title='bbox 1168 813 1345 875; x_wconf 84' lang='lat' dir='ltr'>saepe</span> <span class='ocrx_word' id='word_1_57' title='bbox 1377 797 1586 870; x_wconf 89' lang='lat' dir='ltr'>emori,</span> <span class='ocrx_word' id='word_1_58' title='bbox 1619 796 1667 858; x_wconf 92' lang='lat' dir='ltr'>si</span> <span class='ocrx_word' id='word_1_59' title='bbox 1697 796 1830 857; x_wconf 86' lang='lat' dir='ltr'>fieri</span> <span class='ocrx_word' id='word_1_60' title='bbox 1856 805 2076 876; x_wconf 89' lang='lat' dir='ltr'>posset,</span> <span class='ocrx_word' id='word_1_61' title='bbox 2107 796 2337 876; x_wconf 90' lang='lat' dir='ltr'>vellem,</span> 
     </span>
     <span class='ocr_line' id='line_1_8' title="bbox 174 878 2340 957; baseline 0.001 -18"><span class='ocrx_word' id='word_1_62' title='bbox 174 889 245 939; x_wconf 91' lang='lat' dir='ltr'>ut</span> <span class='ocrx_word' id='word_1_63' title='bbox 275 896 364 952; x_wconf 90' lang='lat' dir='ltr'>ea,</span> <span class='ocrx_word' id='word_1_64' title='bbox 394 897 549 957; x_wconf 87' lang='lat' dir='ltr'>quae</span> <span class='ocrx_word' id='word_1_65' title='bbox 570 878 725 954; x_wconf 88' lang='lat' dir='ltr'>dico,</span> <span class='ocrx_word' id='word_1_66' title='bbox 749 879 894 940; x_wconf 90' lang='lat' dir='ltr'>mihi</span> <span class='ocrx_word' id='word_1_67' title='bbox 918 880 1124 943; x_wconf 90' lang='lat' dir='ltr'>liceret</span> <span class='ocrx_word' id='word_1_68' title='bbox 1151 880 1439 943; x_wconf 91' lang='lat' dir='ltr'>invenire.</span> <span class='ocrx_word' id='word_1_69' title='bbox 1472 881 1706 952; x_wconf 85' lang='lat' dir='ltr'>Quanta</span> <span class='ocrx_word' id='word_1_70' title='bbox 1725 881 2120 943; x_wconf 82' lang='lat' dir='ltr'>delectatione</span> <span class='ocrx_word' id='word_1_71' title='bbox 2142 890 2340 943; x_wconf 88' lang='lat' dir='ltr'>autem</span> 
     </span>
     <span class='ocr_line' id='line_1_9' title="bbox 176 963 2337 1046; baseline 0.001 -22"><span class='ocrx_word' id='word_1_72' title='bbox 176 963 485 1039; x_wconf 83' lang='lat' dir='ltr'>adficerer,</span> <span class='ocrx_word' id='word_1_73' title='bbox 518 983 653 1026; x_wconf 91' lang='lat' dir='ltr'>cum</span> <span class='ocrx_word' id='word_1_74' title='bbox 675 964 1070 1042; x_wconf 89' lang='lat' dir='ltr'>Palamedem,</span> <span class='ocrx_word' id='word_1_75' title='bbox 1103 984 1240 1028; x_wconf 90' lang='lat' dir='ltr'>cum</span> <span class='ocrx_word' id='word_1_76' title='bbox 1264 966 1520 1042; x_wconf 86' lang='lat' dir='ltr'>Aiacem,</span> <span class='ocrx_word' id='word_1_77' title='bbox 1553 985 1689 1029; x_wconf 90' lang='lat' dir='ltr'>cum</span> <span class='ocrx_word' id='word_1_78' title='bbox 1713 967 1860 1029; x_wconf 89' lang='lat' dir='ltr'>alios</span> <span class='ocrx_word' id='word_1_79' title='bbox 1881 966 2100 1028; x_wconf 89' lang='lat' dir='ltr'>iudicio</span> <span class='ocrx_word' id='word_1_80' title='bbox 2130 966 2337 1046; x_wconf 89' lang='lat' dir='ltr'>iniquo</span> 
     </span>
     <span class='ocr_line' id='line_1_10' title="bbox 178 1049 2338 1132; baseline 0.001 -22"><span class='ocrx_word' id='word_1_81' title='bbox 178 1049 621 1112; x_wconf 86' lang='lat' dir='ltr'>circumventos</span> <span class='ocrx_word' id='word_1_82' title='bbox 665 1051 1079 1113; x_wconf 72' lang='lat' dir='ltr'>convenirem!</span> <span class='ocrx_word' id='word_1_83' title='bbox 1129 1050 1503 1129; x_wconf 87' lang='lat' dir='ltr'>Temptarem</span> <span class='ocrx_word' id='word_1_84' title='bbox 1538 1052 1713 1113; x_wconf 90' lang='lat' dir='ltr'>etiam</span> <span class='ocrx_word' id='word_1_85' title='bbox 1744 1052 1961 1114; x_wconf 91' lang='lat' dir='ltr'>summi</span> <span class='ocrx_word' id='word_1_86' title='bbox 2005 1051 2189 1132; x_wconf 73' lang='lat' dir='ltr'>regie,</span> <span class='ocrx_word' id='word_1_87' title='bbox 2237 1052 2338 1131; x_wconf 92' lang='lat' dir='ltr'>qui</span> 
     </span>
    </p>
   </div>
   <div class='ocr_carea' id='block_1_3' title="bbox 75 1134 2335 1218">
    <p class='ocr_par' dir='ltr' id='par_1_3' title="bbox 75 1134 2335 1218">
     <span class='ocr_line' id='line_1_11' title="bbox 75 1134 2335 1218; baseline -0.001 -19"><span class='ocrx_word' id='word_1_88' title='bbox 75 1149 130 1199; x_wconf 84' lang='lat'>10</span> <span class='ocrx_word' id='word_1_89' title='bbox 175 1134 464 1197; x_wconf 85' lang='lat' dir='ltr'>maximas</span> <span class='ocrx_word' id='word_1_90' title='bbox 494 1136 696 1215; x_wconf 90' lang='lat' dir='ltr'>copias</span> <span class='ocrx_word' id='word_1_91' title='bbox 717 1135 886 1198; x_wconf 86' lang='lat' dir='ltr'>duxit</span> <span class='ocrx_word' id='word_1_92' title='bbox 906 1137 978 1198; x_wconf 93' lang='lat' dir='ltr'>ad</span> <span class='ocrx_word' id='word_1_93' title='bbox 1003 1136 1260 1210; x_wconf 87' lang='lat' dir='ltr'>Troiam,</span> <span class='ocrx_word' id='word_1_94' title='bbox 1292 1145 1353 1198; x_wconf 91' lang='lat' dir='ltr'>et</span> <span class='ocrx_word' id='word_1_95' title='bbox 1378 1137 1527 1198; x_wconf 85' lang='lat' dir='ltr'>Ulixi</span> <span class='ocrx_word' id='word_1_96' title='bbox 1553 1137 1909 1218; x_wconf 77' lang='lat' dir='ltr'>Sisyphique</span> <span class='ocrx_word' id='word_1_97' title='bbox 1938 1136 2335 1217; x_wconf 87' lang='lat' dir='ltr'>prudentiam,</span> 
     </span>
    </p>
   </div>
   <div class='ocr_carea' id='block_1_4' title="bbox 176 1219 2340 1557">
    <p class='ocr_par' dir='ltr' id='par_1_4' title="bbox 176 1219 2340 1557">
     <span class='ocr_line' id='line_1_12' title="bbox 181 1219 2339 1302; baseline 0.001 -22"><span class='ocrx_word' id='word_1_98' title='bbox 181 1238 296 1281; x_wconf 91' lang='lat' dir='ltr'>nec</span> <span class='ocrx_word' id='word_1_99' title='bbox 321 1219 398 1281; x_wconf 91' lang='lat' dir='ltr'>ob</span> <span class='ocrx_word' id='word_1_100' title='bbox 424 1238 555 1281; x_wconf 91' lang='lat' dir='ltr'>eam</span> <span class='ocrx_word' id='word_1_101' title='bbox 575 1239 723 1296; x_wconf 89' lang='lat' dir='ltr'>rem,</span> <span class='ocrx_word' id='word_1_102' title='bbox 756 1239 894 1283; x_wconf 92' lang='lat' dir='ltr'>cum</span> <span class='ocrx_word' id='word_1_103' title='bbox 916 1223 1063 1284; x_wconf 89' lang='lat' dir='ltr'>haec</span> <span class='ocrx_word' id='word_1_104' title='bbox 1088 1222 1483 1301; x_wconf 85' lang='lat' dir='ltr'>exquirerem,</span> <span class='ocrx_word' id='word_1_105' title='bbox 1508 1223 1663 1284; x_wconf 89' lang='lat' dir='ltr'>sicut</span> <span class='ocrx_word' id='word_1_106' title='bbox 1683 1222 1781 1283; x_wconf 88' lang='lat' dir='ltr'>hic</span> <span class='ocrx_word' id='word_1_107' title='bbox 1803 1222 2112 1297; x_wconf 82' lang='lat' dir='ltr'>faciebam,</span> <span class='ocrx_word' id='word_1_108' title='bbox 2145 1222 2339 1302; x_wconf 90' lang='lat' dir='ltr'>capite</span> 
     </span>
     <span class='ocr_line' id='line_1_13' title="bbox 178 1305 2339 1386; baseline 0.001 -21"><span class='ocrx_word' id='word_1_109' title='bbox 178 1305 513 1366; x_wconf 90' lang='lat' dir='ltr'>damnarer.</span> <span class='ocrx_word' id='word_1_110' title='bbox 559 1306 645 1367; x_wconf 91' lang='lat' dir='ltr'>Ne</span> <span class='ocrx_word' id='word_1_111' title='bbox 675 1325 779 1367; x_wconf 90' lang='lat' dir='ltr'>vos</span> <span class='ocrx_word' id='word_1_112' title='bbox 809 1308 1067 1386; x_wconf 88' lang='lat' dir='ltr'>quidem,</span> <span class='ocrx_word' id='word_1_113' title='bbox 1098 1307 1325 1369; x_wconf 89' lang='lat' dir='ltr'>iudices</span> <span class='ocrx_word' id='word_1_114' title='bbox 1356 1308 1414 1381; x_wconf 91' lang='lat' dir='ltr'>ii,</span> <span class='ocrx_word' id='word_1_115' title='bbox 1449 1307 1552 1386; x_wconf 91' lang='lat' dir='ltr'>qui</span> <span class='ocrx_word' id='word_1_116' title='bbox 1575 1326 1671 1368; x_wconf 91' lang='lat' dir='ltr'>me</span> <span class='ocrx_word' id='word_1_117' title='bbox 1701 1306 2052 1382; x_wconf 88' lang='lat' dir='ltr'>absolvistis,</span> <span class='ocrx_word' id='word_1_118' title='bbox 2085 1316 2339 1368; x_wconf 91' lang='lat' dir='ltr'>mortem</span> 
     </span>
     <span class='ocr_line' id='line_1_14' title="bbox 176 1391 2339 1472; baseline 0 -21"><span class='ocrx_word' id='word_1_119' title='bbox 176 1391 517 1451; x_wconf 85' lang='lat' dir='ltr'>timueritis.</span> <span class='ocrx_word' id='word_1_120' title='bbox 576 1391 696 1452; x_wconf 88' lang='lat' dir='ltr'>Nec</span> <span class='ocrx_word' id='word_1_121' title='bbox 728 1391 888 1453; x_wconf 88' lang='lat' dir='ltr'>enim</span> <span class='ocrx_word' id='word_1_122' title='bbox 918 1393 1194 1471; x_wconf 88' lang='lat' dir='ltr'>cuiquam</span> <span class='ocrx_word' id='word_1_123' title='bbox 1224 1392 1388 1454; x_wconf 93' lang='lat' dir='ltr'>bono</span> <span class='ocrx_word' id='word_1_124' title='bbox 1418 1393 1557 1454; x_wconf 91' lang='lat' dir='ltr'>mali</span> <span class='ocrx_word' id='word_1_125' title='bbox 1588 1392 1905 1472; x_wconf 87' lang='lat' dir='ltr'>quicquam</span> <span class='ocrx_word' id='word_1_126' title='bbox 1936 1392 2174 1454; x_wconf 90' lang='lat' dir='ltr'>evenire</span> <span class='ocrx_word' id='word_1_127' title='bbox 2203 1402 2339 1471; x_wconf 91' lang='lat' dir='ltr'>pot-</span> 
     </span>
     <span class='ocr_line' id='line_1_15' title="bbox 180 1476 2340 1557; baseline 0.001 -21"><span class='ocrx_word' id='word_1_128' title='bbox 180 1484 275 1538; x_wconf 86' lang='lat' dir='ltr'>est</span> <span class='ocrx_word' id='word_1_129' title='bbox 319 1494 434 1537; x_wconf 90' lang='lat' dir='ltr'>nec</span> <span class='ocrx_word' id='word_1_130' title='bbox 477 1476 606 1537; x_wconf 87' lang='lat' dir='ltr'>vivo</span> <span class='ocrx_word' id='word_1_131' title='bbox 653 1495 767 1538; x_wconf 89' lang='lat' dir='ltr'>nec</span> <span class='ocrx_word' id='word_1_132' title='bbox 796 1487 1068 1552; x_wconf 85' lang='lat' dir='ltr'>mortuo,</span> <span class='ocrx_word' id='word_1_133' title='bbox 1115 1496 1228 1539; x_wconf 90' lang='lat' dir='ltr'>nec</span> <span class='ocrx_word' id='word_1_134' title='bbox 1258 1496 1540 1557; x_wconf 86' lang='lat' dir='ltr'>umquam</span> <span class='ocrx_word' id='word_1_135' title='bbox 1572 1478 1700 1540; x_wconf 87' lang='lat' dir='ltr'>eius</span> <span class='ocrx_word' id='word_1_136' title='bbox 1729 1495 1827 1539; x_wconf 88' lang='lat' dir='ltr'>res</span> <span class='ocrx_word' id='word_1_137' title='bbox 1857 1496 1890 1538; x_wconf 93' lang='lat' dir='ltr'>a</span> <span class='ocrx_word' id='word_1_138' title='bbox 1919 1477 2010 1540; x_wconf 90' lang='lat' dir='ltr'>dis</span> <span class='ocrx_word' id='word_1_139' title='bbox 2037 1478 2340 1539; x_wconf 89' lang='lat' dir='ltr'>immorta-</span> 
     </span>
    </p>
   </div>
   <div class='ocr_carea' id='block_1_5' title="bbox 80 1561 2340 1644">
    <p class='ocr_par' dir='ltr' id='par_1_5' title="bbox 80 1561 2340 1644">
     <span class='ocr_line' id='line_1_16' title="bbox 80 1561 2340 1644; baseline -0 -20"><span class='ocrx_word' id='word_1_140' title='bbox 80 1575 136 1625; x_wconf 89' lang='lat'>15</span> <span class='ocrx_word' id='word_1_141' title='bbox 179 1561 339 1622; x_wconf 91' lang='lat' dir='ltr'>libus</span> <span class='ocrx_word' id='word_1_142' title='bbox 370 1561 801 1641; x_wconf 82' lang='lat' dir='ltr'>neglegentur,</span> <span class='ocrx_word' id='word_1_143' title='bbox 849 1582 962 1625; x_wconf 89' lang='lat' dir='ltr'>nec</span> <span class='ocrx_word' id='word_1_144' title='bbox 991 1562 1136 1624; x_wconf 91' lang='lat' dir='ltr'>mihi</span> <span class='ocrx_word' id='word_1_145' title='bbox 1167 1563 1279 1644; x_wconf 89' lang='lat' dir='ltr'>ipsi</span> <span class='ocrx_word' id='word_1_146' title='bbox 1308 1563 1426 1625; x_wconf 91' lang='lat' dir='ltr'>hoc</span> <span class='ocrx_word' id='word_1_147' title='bbox 1469 1563 1681 1625; x_wconf 89' lang='lat' dir='ltr'>accidit</span> <span class='ocrx_word' id='word_1_148' title='bbox 1711 1564 1979 1625; x_wconf 89' lang='lat' dir='ltr'>fortuito.</span> <span class='ocrx_word' id='word_1_149' title='bbox 2049 1563 2171 1624; x_wconf 87' lang='lat' dir='ltr'>Nec</span> <span class='ocrx_word' id='word_1_150' title='bbox 2198 1581 2340 1624; x_wconf 88' lang='lat' dir='ltr'>vero</span> 
     </span>
    </p>
   </div>
   <div class='ocr_carea' id='block_1_6' title="bbox 179 1646 2344 2068">
    <p class='ocr_par' dir='ltr' id='par_1_6' title="bbox 179 1646 2339 1813">
     <span class='ocr_line' id='line_1_17' title="bbox 181 1646 2339 1729; baseline 0 -22"><span class='ocrx_word' id='word_1_151' title='bbox 181 1665 296 1726; x_wconf 85' lang='lat' dir='ltr'>ego</span> <span class='ocrx_word' id='word_1_152' title='bbox 326 1646 432 1720; x_wconf 88' lang='lat' dir='ltr'>iis,</span> <span class='ocrx_word' id='word_1_153' title='bbox 465 1665 498 1707; x_wconf 92' lang='lat' dir='ltr'>a</span> <span class='ocrx_word' id='word_1_154' title='bbox 528 1647 747 1726; x_wconf 90' lang='lat' dir='ltr'>quibus</span> <span class='ocrx_word' id='word_1_155' title='bbox 776 1657 1085 1711; x_wconf 85' lang='lat' dir='ltr'>accusatus</span> <span class='ocrx_word' id='word_1_156' title='bbox 1113 1657 1215 1710; x_wconf 90' lang='lat' dir='ltr'>aut</span> <span class='ocrx_word' id='word_1_157' title='bbox 1244 1667 1278 1709; x_wconf 89' lang='lat' dir='ltr'>a</span> <span class='ocrx_word' id='word_1_158' title='bbox 1309 1648 1528 1729; x_wconf 89' lang='lat' dir='ltr'>quibus</span> <span class='ocrx_word' id='word_1_159' title='bbox 1557 1649 1993 1711; x_wconf 89' lang='lat' dir='ltr'>condemnatus</span> <span class='ocrx_word' id='word_1_160' title='bbox 2022 1666 2191 1722; x_wconf 91' lang='lat' dir='ltr'>sum,</span> <span class='ocrx_word' id='word_1_161' title='bbox 2235 1648 2339 1709; x_wconf 90' lang='lat' dir='ltr'>ha-</span> 
     </span>
     <span class='ocr_line' id='line_1_18' title="bbox 179 1695 2336 1813; baseline 0.001 -21"><span class='ocrx_word' id='word_1_162' title='bbox 179 1732 295 1793; x_wconf 91' lang='lat' dir='ltr'>heo</span> <span class='ocrx_word' id='word_1_163' title='bbox 342 1732 504 1811; x_wconf 90' lang='lat' dir='ltr'>quod</span> <span class='ocrx_word' id='word_1_164' title='bbox 546 1751 960 1810; x_wconf 90' lang='lat' dir='ltr'>suscenseam,</span> <span class='ocrx_word' id='word_1_165' title='bbox 1008 1734 1123 1796; x_wconf 89' lang='lat' dir='ltr'>nisi</span> <span class='ocrx_word' id='word_1_166' title='bbox 1167 1736 1326 1813; x_wconf 86' lang='lat' dir='ltr'>quod</span> <span class='ocrx_word' id='word_1_167' title='bbox 1371 1734 1516 1796; x_wconf 89' lang='lat' dir='ltr'>mihi</span> <span class='ocrx_word' id='word_1_168' title='bbox 1561 1752 1782 1797; x_wconf 90' lang='lat' dir='ltr'>nocere</span> <span class='ocrx_word' id='word_1_169' title='bbox 1812 1753 1876 1795; x_wconf 88' lang='lat' dir='ltr'>se</span> <span class='ocrx_word' id='word_1_170' title='bbox 1906 1695 2336 1796; x_wconf 57' lang='lat' dir='ltr'>credider&#39;unt?</span> 
     </span>
    </p>

    <p class='ocr_par' dir='ltr' id='par_1_7' title="bbox 181 1811 2344 2068">
     <span class='ocr_line' id='line_1_19' title="bbox 181 1811 2344 1919; baseline 0.001 -42"><span class='ocrx_word' id='word_1_171' title='bbox 181 1816 261 1878; x_wconf 92' lang='lat' dir='ltr'>Et</span> <span class='ocrx_word' id='word_1_172' title='bbox 303 1817 452 1878; x_wconf 90' lang='lat' dir='ltr'>haec</span> <span class='ocrx_word' id='word_1_173' title='bbox 497 1818 737 1919; x_wconf 91' lang='lat' dir='ltr'>quidem</span> <span class='ocrx_word' id='word_1_174' title='bbox 779 1818 897 1880; x_wconf 90' lang='lat' dir='ltr'>hoc</span> <span class='ocrx_word' id='word_1_175' title='bbox 939 1819 1148 1896; x_wconf 89' lang='lat' dir='ltr'>modo;</span> <span class='ocrx_word' id='word_1_176' title='bbox 1196 1820 1346 1883; x_wconf 90' lang='lat' dir='ltr'>nihil</span> <span class='ocrx_word' id='word_1_177' title='bbox 1389 1829 1588 1882; x_wconf 92' lang='lat' dir='ltr'>autem</span> <span class='ocrx_word' id='word_1_178' title='bbox 1617 1819 1831 1881; x_wconf 90' lang='lat' dir='ltr'>melius</span> <span class='ocrx_word' id='word_1_179' title='bbox 1861 1828 2158 1882; x_wconf 84' lang='lat' dir='ltr'>extremo:</span> <span class='ocrx_word' id='word_1_180' title='bbox 2194 1811 2344 1880; x_wconf 83' lang='lat' dir='ltr'>‘Sed</span> 
     </span>
     <span class='ocr_line' id='line_1_20' title="bbox 183 1893 2343 2000; baseline 0.001 -37"><span class='ocrx_word' id='word_1_181' title='bbox 183 1912 420 2000; x_wconf 88' lang='lat' dir='ltr'>tempus</span> <span class='ocrx_word' id='word_1_182' title='bbox 445 1893 557 1964; x_wconf 85' lang='lat' dir='ltr'>est&#39;</span> <span class='ocrx_word' id='word_1_183' title='bbox 594 1902 792 1982; x_wconf 88' lang='lat' dir='ltr'>inquit</span> <span class='ocrx_word' id='word_1_184' title='bbox 815 1897 956 1965; x_wconf 85' lang='lat' dir='ltr'>‘iam</span> <span class='ocrx_word' id='word_1_185' title='bbox 987 1905 1129 1966; x_wconf 89' lang='lat' dir='ltr'>hinc</span> <span class='ocrx_word' id='word_1_186' title='bbox 1158 1905 1322 1967; x_wconf 89' lang='lat' dir='ltr'>abire</span> <span class='ocrx_word' id='word_1_187' title='bbox 1353 1924 1479 1979; x_wconf 88' lang='lat' dir='ltr'>me,</span> <span class='ocrx_word' id='word_1_188' title='bbox 1525 1913 1593 1966; x_wconf 90' lang='lat' dir='ltr'>ut</span> <span class='ocrx_word' id='word_1_189' title='bbox 1621 1905 1859 1980; x_wconf 90' lang='lat' dir='ltr'>moriar,</span> <span class='ocrx_word' id='word_1_190' title='bbox 1904 1924 2038 1978; x_wconf 90' lang='lat' dir='ltr'>vos,</span> <span class='ocrx_word' id='word_1_191' title='bbox 2070 1915 2138 1965; x_wconf 87' lang='lat' dir='ltr'>ut</span> <span class='ocrx_word' id='word_1_192' title='bbox 2165 1905 2343 1965; x_wconf 88' lang='lat' dir='ltr'>vitam</span> 
     </span>
     <span class='ocr_line' id='line_1_21' title="bbox 185 1987 2342 2068; baseline 0.002 -21"><span class='ocrx_word' id='word_1_193' title='bbox 185 1988 388 2068; x_wconf 85' lang='lat' dir='ltr'>agatis.</span> <span class='ocrx_word' id='word_1_194' title='bbox 462 1987 674 2049; x_wconf 89' lang='lat' dir='ltr'>Utrum</span> <span class='ocrx_word' id='word_1_195' title='bbox 705 1997 902 2050; x_wconf 92' lang='lat' dir='ltr'>autem</span> <span class='ocrx_word' id='word_1_196' title='bbox 932 1990 1008 2051; x_wconf 90' lang='lat' dir='ltr'>sit</span> <span class='ocrx_word' id='word_1_197' title='bbox 1037 1990 1248 2052; x_wconf 88' lang='lat' dir='ltr'>melius</span> <span class='ocrx_word' id='word_1_198' title='bbox 1280 1990 1339 2051; x_wconf 92' lang='lat' dir='ltr'>di</span> <span class='ocrx_word' id='word_1_199' title='bbox 1378 1990 1743 2053; x_wconf 88' lang='lat' dir='ltr'>immortales</span> <span class='ocrx_word' id='word_1_200' title='bbox 1773 1990 2005 2065; x_wconf 89' lang='lat' dir='ltr'>sciunt,</span> <span class='ocrx_word' id='word_1_201' title='bbox 2036 1990 2342 2052; x_wconf 89' lang='lat' dir='ltr'>hominem</span> 
     </span>
    </p>
   </div>
   <div class='ocr_carea' id='block_1_7' title="bbox 186 2070 1287 2152">
    <p class='ocr_par' dir='ltr' id='par_1_8' title="bbox 186 2070 1287 2152">
     <span class='ocr_line' id='line_1_22' title="bbox 186 2070 1287 2152; baseline 0.003 -19"><span class='ocrx_word' id='word_1_202' title='bbox 186 2074 428 2152; x_wconf 89' lang='lat' dir='ltr'>quidem</span> <span class='ocrx_word' id='word_1_203' title='bbox 458 2072 612 2135; x_wconf 91' lang='lat' dir='ltr'>scire</span> <span class='ocrx_word' id='word_1_204' title='bbox 643 2074 903 2135; x_wconf 89' lang='lat' dir='ltr'>arbitror</span> <span class='ocrx_word' id='word_1_205' title='bbox 933 2070 1287 2136; x_wconf 69' lang='lat' dir='ltr'>neminem.³</span> 
     </span>
    </p>
   </div>
   <div class='ocr_carea' id='block_1_8' title="bbox 172 2171 1214 3931">
    <p class='ocr_par' dir='ltr' id='par_1_9' title="bbox 182 2171 1206 2307">
     <span class='ocr_line' id='line_1_23' title="bbox 185 2171 1206 2240; baseline 0.004 -16"><span class='ocrx_word' id='word_1_206' title='bbox 185 2171 330 2236; x_wconf 88' lang='lat' dir='ltr'>Subj.</span> <span class='ocrx_word' id='word_1_207' title='bbox 377 2174 431 2224; x_wconf 85' lang='lat' dir='ltr'>in</span> <span class='ocrx_word' id='word_1_208' title='bbox 480 2173 646 2225; x_wconf 86' lang='lat' dir='ltr'>einem</span> <span class='ocrx_word' id='word_1_209' title='bbox 684 2171 860 2226; x_wconf 86' lang='lat' dir='ltr'>Subst.</span> <span class='ocrx_word' id='word_1_210' title='bbox 897 2183 1079 2240; x_wconf 83' lang='lat' dir='ltr'>gesagt</span> <span class='ocrx_word' id='word_1_211' title='bbox 1113 2176 1206 2228; x_wconf 86' lang='lat' dir='ltr'>ist:</span> 
     </span>
     <span class='ocr_line' id='line_1_24' title="bbox 182 2242 852 2307; baseline 0.004 -16"><span class='ocrx_word' id='word_1_212' title='bbox 182 2242 316 2292; x_wconf 76' lang='lat' dir='ltr'>haee</span> <span class='ocrx_word' id='word_1_213' title='bbox 343 2244 717 2307; x_wconf 76' lang='lat' dir='ltr'>peregrinatio</span> <span class='ocrx_word' id='word_1_214' title='bbox 755 2247 852 2294; x_wconf 87' lang='lat' dir='ltr'>cet.</span> 
     </span>
    </p>

    <p class='ocr_par' dir='ltr' id='par_1_10' title="bbox 181 2309 1212 2497">
     <span class='ocr_line' id='line_1_25' title="bbox 257 2309 1212 2375; baseline 0.003 -14"><span class='ocrx_word' id='word_1_215' title='bbox 257 2312 302 2364; x_wconf 92' lang='lat'>1.</span> <span class='ocrx_word' id='word_1_216' title='bbox 391 2313 485 2375; x_wconf 80' lang='lat' dir='ltr'>qui</span> <span class='ocrx_word' id='word_1_217' title='bbox 536 2338 601 2348; x_wconf 93' lang='lat'><strong>—</strong></span> <span class='ocrx_word' id='word_1_218' title='bbox 654 2310 858 2362; x_wconf 80' lang='lat' dir='ltr'>volunt.</span> <span class='ocrx_word' id='word_1_219' title='bbox 966 2309 1212 2364; x_wconf 86' lang='lat' dir='ltr'>Sokrates</span> 
     </span>
     <span class='ocr_line' id='line_1_26' title="bbox 181 2376 1212 2443; baseline 0.004 -16"><span class='ocrx_word' id='word_1_220' title='bbox 181 2376 380 2443; x_wconf 86' lang='lat' dir='ltr'>spricht</span> <span class='ocrx_word' id='word_1_221' title='bbox 427 2392 485 2429; x_wconf 87' lang='lat' dir='ltr'>es</span> <span class='ocrx_word' id='word_1_222' title='bbox 526 2378 597 2430; x_wconf 89' lang='grc'><strong>1111</strong></span> <span class='ocrx_word' id='word_1_223' title='bbox 634 2377 874 2431; x_wconf 83' lang='lat' dir='ltr'>Hinblick</span> <span class='ocrx_word' id='word_1_224' title='bbox 908 2378 1000 2430; x_wconf 80' lang='lat' dir='ltr'>auf</span> <span class='ocrx_word' id='word_1_225' title='bbox 1032 2379 1212 2431; x_wconf 86' lang='lat' dir='ltr'>seine</span> 
     </span>
     <span class='ocr_line' id='line_1_27' title="bbox 181 2444 407 2497; baseline 0.004 -1"><span class='ocrx_word' id='word_1_226' title='bbox 181 2444 407 2497; x_wconf 84' lang='lat' dir='ltr'>Richter.</span> 
     </span>
    </p>

    <p class='ocr_par' dir='ltr' id='par_1_11' title="bbox 179 2512 1209 2647">
     <span class='ocr_line' id='line_1_28' title="bbox 247 2512 1209 2580; baseline 0.001 -14"><span class='ocrx_word' id='word_1_227' title='bbox 247 2516 296 2566; x_wconf 82' lang='lat'>2.</span> <span class='ocrx_word' id='word_1_228' title='bbox 366 2512 596 2565; x_wconf 77' lang='lat' dir='ltr'>Minoem</span> <span class='ocrx_word' id='word_1_229' title='bbox 647 2519 778 2580; x_wconf 62' lang='lat' dir='ltr'>cet„</span> <span class='ocrx_word' id='word_1_230' title='bbox 831 2528 876 2569; x_wconf 85' lang='lat' dir='ltr'>s.</span> <span class='ocrx_word' id='word_1_231' title='bbox 911 2530 958 2566; x_wconf 83' lang='lat' dir='ltr'>z.</span> <span class='ocrx_word' id='word_1_232' title='bbox 1002 2517 1079 2569; x_wconf 90' lang='grc'>11.</span> <span class='ocrx_word' id='word_1_233' title='bbox 1117 2515 1209 2568; x_wconf 84' lang='lat'>24:</span> 
     </span>
     <span class='ocr_line' id='line_1_29' title="bbox 179 2582 1007 2647; baseline 0.001 -14"><span class='ocrx_word' id='word_1_234' title='bbox 179 2583 343 2647; x_wconf 73' lang='lat' dir='ltr'>quasi</span> <span class='ocrx_word' id='word_1_235' title='bbox 372 2585 434 2633; x_wconf 90' lang='lat' dir='ltr'>in</span> <span class='ocrx_word' id='word_1_236' title='bbox 468 2582 799 2634; x_wconf 78' lang='lat' dir='ltr'>domicilium</span> <span class='ocrx_word' id='word_1_237' title='bbox 831 2598 1007 2634; x_wconf 73' lang='lat' dir='ltr'>suum.</span> 
     </span>
    </p>

    <p class='ocr_par' dir='ltr' id='par_1_12' title="bbox 180 2649 1214 3194">
     <span class='ocr_line' id='line_1_30' title="bbox 249 2649 1212 2717; baseline 0.002 -15"><span class='ocrx_word' id='word_1_238' title='bbox 249 2652 302 2702; x_wconf 84' lang='lat'>3.</span> <span class='ocrx_word' id='word_1_239' title='bbox 366 2649 492 2716; x_wconf 82' lang='lat' dir='ltr'>Trip</span> <span class='ocrx_word' id='word_1_240' title='bbox 497 2650 764 2704; x_wconf 76' lang='lat' dir='ltr'>talamum.</span> <span class='ocrx_word' id='word_1_241' title='bbox 819 2649 941 2717; x_wconf 87' lang='lat' dir='ltr'>Trip</span> <span class='ocrx_word' id='word_1_242' title='bbox 947 2657 980 2703; x_wconf 86' lang='lat' dir='ltr'>t.</span> <span class='ocrx_word' id='word_1_243' title='bbox 1036 2651 1212 2706; x_wconf 77' lang='lat' dir='ltr'>wurde</span> 
     </span>
     <span class='ocr_line' id='line_1_31' title="bbox 181 2666 1213 2785; baseline 0.002 -16"><span class='ocrx_word' id='word_1_244' title='bbox 181 2717 328 2769; x_wconf 89' lang='lat' dir='ltr'>nicht</span> <span class='ocrx_word' id='word_1_245' title='bbox 362 2734 459 2770; x_wconf 83' lang='lat' dir='ltr'>nur</span> <span class='ocrx_word' id='word_1_246' title='bbox 456 2666 560 2769; x_wconf 71' lang='lat' dir='ltr'>pals</span> <span class='ocrx_word' id='word_1_247' title='bbox 582 2717 881 2785; x_wconf 76' lang='lat' dir='ltr'>Begrfinder</span> <span class='ocrx_word' id='word_1_248' title='bbox 904 2720 995 2771; x_wconf 85' lang='lat' dir='ltr'>des</span> <span class='ocrx_word' id='word_1_249' title='bbox 1022 2718 1213 2771; x_wconf 79' lang='lat' dir='ltr'>Acker-</span> 
     </span>
     <span class='ocr_line' id='line_1_32' title="bbox 181 2785 1214 2854; baseline 0.001 -17"><span class='ocrx_word' id='word_1_250' title='bbox 181 2786 329 2850; x_wconf 81' lang='lat' dir='ltr'>haus,</span> <span class='ocrx_word' id='word_1_251' title='bbox 366 2785 590 2838; x_wconf 84' lang='lat' dir='ltr'>sondern</span> <span class='ocrx_word' id='word_1_252' title='bbox 613 2788 744 2839; x_wconf 83' lang='lat' dir='ltr'>auch</span> <span class='ocrx_word' id='word_1_253' title='bbox 769 2788 846 2840; x_wconf 84' lang='lat' dir='ltr'>als</span> <span class='ocrx_word' id='word_1_254' title='bbox 869 2787 1214 2854; x_wconf 82' lang='lat' dir='ltr'>Gesetzgeber</span> 
     </span>
     <span class='ocr_line' id='line_1_33' title="bbox 180 2853 1211 2919; baseline 0.003 -14"><span class='ocrx_word' id='word_1_255' title='bbox 180 2853 288 2905; x_wconf 90' lang='lat' dir='ltr'>und</span> <span class='ocrx_word' id='word_1_256' title='bbox 341 2854 609 2919; x_wconf 80' lang='lat' dir='ltr'>gerechter</span> <span class='ocrx_word' id='word_1_257' title='bbox 659 2853 932 2907; x_wconf 83' lang='lat' dir='ltr'>Herrscher</span> <span class='ocrx_word' id='word_1_258' title='bbox 989 2857 1211 2909; x_wconf 86' lang='lat' dir='ltr'>verehrt.</span> 
     </span>
     <span class='ocr_line' id='line_1_34' title="bbox 183 2920 1212 3004; baseline 0.005 -32"><span class='ocrx_word' id='word_1_259' title='bbox 183 2920 285 2973; x_wconf 84' lang='lat' dir='ltr'>Der</span> <span class='ocrx_word' id='word_1_260' title='bbox 332 2921 530 2974; x_wconf 84' lang='lat' dir='ltr'>Glaube</span> <span class='ocrx_word' id='word_1_261' title='bbox 584 2923 677 2976; x_wconf 87' lang='lat' dir='ltr'>des</span> <span class='ocrx_word' id='word_1_262' title='bbox 729 2924 985 3004; x_wconf 73' lang='lat' dir='ltr'>attIschen</span> <span class='ocrx_word' id='word_1_263' title='bbox 1032 2923 1212 2987; x_wconf 86' lang='lat' dir='ltr'>Volks,</span> 
     </span>
     <span class='ocr_line' id='line_1_35' title="bbox 182 2989 1212 3056; baseline 0.002 -15"><span class='ocrx_word' id='word_1_264' title='bbox 182 2990 297 3041; x_wconf 81' lang='lat' dir='ltr'>dats</span> <span class='ocrx_word' id='word_1_265' title='bbox 331 2991 463 3042; x_wconf 87' lang='lat' dir='ltr'>auch</span> <span class='ocrx_word' id='word_1_266' title='bbox 499 3005 555 3042; x_wconf 86' lang='lat' dir='ltr'>er</span> <span class='ocrx_word' id='word_1_267' title='bbox 575 2989 794 3056; x_wconf 82' lang='lat' dir='ltr'>Richter</span> <span class='ocrx_word' id='word_1_268' title='bbox 828 2991 880 3043; x_wconf 91' lang='lat' dir='ltr'>in</span> <span class='ocrx_word' id='word_1_269' title='bbox 916 2991 1007 3044; x_wconf 85' lang='lat' dir='ltr'>der</span> <span class='ocrx_word' id='word_1_270' title='bbox 1030 2990 1212 3045; x_wconf 83' lang='lat' dir='ltr'>Unter-</span> 
     </span>
     <span class='ocr_line' id='line_1_36' title="bbox 182 3057 1207 3125; baseline 0.004 -17"><span class='ocrx_word' id='word_1_271' title='bbox 182 3057 310 3110; x_wconf 81' lang='lat' dir='ltr'>welt</span> <span class='ocrx_word' id='word_1_272' title='bbox 334 3059 431 3123; x_wconf 88' lang='lat' dir='ltr'>sei,</span> <span class='ocrx_word' id='word_1_273' title='bbox 456 3059 579 3125; x_wconf 78' lang='lat' dir='ltr'>ging</span> <span class='ocrx_word' id='word_1_274' title='bbox 602 3058 963 3114; x_wconf 82' lang='lat' dir='ltr'>wahrscheinl.</span> <span class='ocrx_word' id='word_1_275' title='bbox 988 3075 1091 3112; x_wconf 86' lang='lat' dir='ltr'>von</span> <span class='ocrx_word' id='word_1_276' title='bbox 1111 3059 1207 3112; x_wconf 88' lang='lat' dir='ltr'>den</span> 
     </span>
     <span class='ocr_line' id='line_1_37' title="bbox 182 3125 870 3194; baseline 0.001 -16"><span class='ocrx_word' id='word_1_277' title='bbox 182 3126 401 3181; x_wconf 86' lang='lat' dir='ltr'>eleusin.</span> <span class='ocrx_word' id='word_1_278' title='bbox 437 3125 721 3194; x_wconf 83' lang='lat' dir='ltr'>Mysterien</span> <span class='ocrx_word' id='word_1_279' title='bbox 758 3143 870 3180; x_wconf 82' lang='lat' dir='ltr'>aus.</span> 
     </span>
    </p>

    <p class='ocr_par' dir='ltr' id='par_1_13' title="bbox 251 3194 939 3262">
     <span class='ocr_line' id='line_1_38' title="bbox 251 3194 939 3262; baseline 0.004 -17"><span class='ocrx_word' id='word_1_280' title='bbox 251 3210 375 3246; x_wconf 82' lang='lat' dir='ltr'>eum</span> <span class='ocrx_word' id='word_1_281' title='bbox 407 3194 516 3257; x_wconf 78' lang='lat' dir='ltr'>fide</span> <span class='ocrx_word' id='word_1_282' title='bbox 549 3195 939 3262; x_wconf 79' lang='lat' dir='ltr'>gewissenhaft.</span> 
     </span>
    </p>

    <p class='ocr_par' dir='ltr' id='par_1_14' title="bbox 181 3211 1212 3385">
     <span class='ocr_line' id='line_1_39' title="bbox 249 3211 1212 3331; baseline 0.002 -16"><span class='ocrx_word' id='word_1_283' title='bbox 249 3266 300 3315; x_wconf 86' lang='grc'>4.</span> <span class='ocrx_word' id='word_1_284' title='bbox 336 3267 417 3327; x_wconf 78' lang='lat' dir='ltr'>ut,</span> <span class='ocrx_word' id='word_1_285' title='bbox 442 3211 773 3317; x_wconf 84' lang='lat' dir='ltr'>kondizional</span> <span class='ocrx_word' id='word_1_286' title='bbox 794 3289 857 3311; x_wconf 84' lang='grc' dir='ltr'>-ι</span> <span class='ocrx_word' id='word_1_287' title='bbox 888 3263 1033 3327; x_wconf 78' lang='lat' dir='ltr'>falls3</span> <span class='ocrx_word' id='word_1_288' title='bbox 1068 3280 1212 3331; x_wconf 78' lang='lat' dir='ltr'>vero,</span> 
     </span>
     <span class='ocr_line' id='line_1_40' title="bbox 181 3329 513 3393; baseline 0.016 -13"><span class='ocrx_word' id='word_1_289' title='bbox 181 3329 283 3381; x_wconf 82' lang='lat' dir='ltr'>wie</span> <span class='ocrx_word' id='word_1_290' title='bbox 319 3332 402 3393; x_wconf 88' lang='grc'><strong>39,</strong></span> <span class='ocrx_word' id='word_1_291' title='bbox 429 3333 513 3385; x_wconf 87' lang='grc'>93.</span> 
     </span>
    </p>

    <p class='ocr_par' dir='ltr' id='par_1_15' title="bbox 177 3397 1211 3806">
     <span class='ocr_line' id='line_1_41' title="bbox 250 3397 1211 3467; baseline 0.001 -15"><span class='ocrx_word' id='word_1_292' title='bbox 250 3402 302 3454; x_wconf 89' lang='grc'>8.</span> <span class='ocrx_word' id='word_1_293' title='bbox 367 3399 703 3464; x_wconf 74' lang='lat' dir='ltr'>Palamedes,</span> <span class='ocrx_word' id='word_1_294' title='bbox 750 3397 840 3451; x_wconf 90' lang='lat' dir='ltr'>der</span> <span class='ocrx_word' id='word_1_295' title='bbox 884 3398 1211 3467; x_wconf 75' lang='lat' dir='ltr'>Konigssohn</span> 
     </span>
     <span class='ocr_line' id='line_1_42' title="bbox 180 3437 1211 3535; baseline 0.006 -19"><span class='ocrx_word' id='word_1_296' title='bbox 180 3482 285 3519; x_wconf 85' lang='lat' dir='ltr'>von</span> <span class='ocrx_word' id='word_1_297' title='bbox 311 3466 508 3533; x_wconf 72' lang='lat' dir='ltr'>Euboe,</span> <span class='ocrx_word' id='word_1_298' title='bbox 531 3467 624 3521; x_wconf 89' lang='lat' dir='ltr'>des</span> <span class='ocrx_word' id='word_1_299' title='bbox 649 3437 915 3535; x_wconf 70' lang='lat' dir='ltr'>O’dysseus</span> <span class='ocrx_word' id='word_1_300' title='bbox 939 3468 1211 3534; x_wconf 80' lang='lat' dir='ltr'>Todt&#39;eind‚</span> 
     </span>
     <span class='ocr_line' id='line_1_43' title="bbox 181 3533 1210 3590; baseline 0.005 -5"><span class='ocrx_word' id='word_1_301' title='bbox 181 3534 304 3587; x_wconf 78' lang='lat' dir='ltr'>kam</span> <span class='ocrx_word' id='word_1_302' title='bbox 353 3535 511 3588; x_wconf 84' lang='lat' dir='ltr'>durch</span> <span class='ocrx_word' id='word_1_303' title='bbox 556 3536 742 3587; x_wconf 86' lang='lat' dir='ltr'>dessen</span> <span class='ocrx_word' id='word_1_304' title='bbox 787 3533 966 3588; x_wconf 73' lang='lat' dir='ltr'>Rfinke</span> <span class='ocrx_word' id='word_1_305' title='bbox 1007 3538 1061 3589; x_wconf 90' lang='lat' dir='ltr'>in</span> <span class='ocrx_word' id='word_1_306' title='bbox 1110 3537 1210 3590; x_wconf 85' lang='lat' dir='ltr'>den</span> 
     </span>
     <span class='ocr_line' id='line_1_44' title="bbox 181 3603 1211 3658; baseline 0.005 -5"><span class='ocrx_word' id='word_1_307' title='bbox 181 3603 444 3656; x_wconf 84' lang='lat' dir='ltr'>Verdacht</span> <span class='ocrx_word' id='word_1_308' title='bbox 467 3604 558 3656; x_wconf 87' lang='lat' dir='ltr'>der</span> <span class='ocrx_word' id='word_1_309' title='bbox 582 3603 868 3656; x_wconf 68' lang='lat' dir='ltr'>Veri-{iterei</span> <span class='ocrx_word' id='word_1_310' title='bbox 892 3604 997 3657; x_wconf 84' lang='lat' dir='ltr'>und</span> <span class='ocrx_word' id='word_1_311' title='bbox 1033 3606 1211 3658; x_wconf 79' lang='lat' dir='ltr'>wurde</span> 
     </span>
     <span class='ocr_line' id='line_1_45' title="bbox 177 3671 1209 3740; baseline 0.003 -17"><span class='ocrx_word' id='word_1_312' title='bbox 177 3672 341 3724; x_wconf 80' lang='lat' dir='ltr'>daher</span> <span class='ocrx_word' id='word_1_313' title='bbox 374 3687 478 3724; x_wconf 87' lang='lat' dir='ltr'>von</span> <span class='ocrx_word' id='word_1_314' title='bbox 514 3671 615 3724; x_wconf 86' lang='lat' dir='ltr'>den</span> <span class='ocrx_word' id='word_1_315' title='bbox 641 3671 890 3724; x_wconf 84' lang='lat' dir='ltr'>Griechen</span> <span class='ocrx_word' id='word_1_316' title='bbox 926 3688 1019 3725; x_wconf 88' lang='lat' dir='ltr'>vor</span> <span class='ocrx_word' id='word_1_317' title='bbox 1054 3672 1174 3740; x_wconf 82' lang='lat' dir='ltr'>Troj</span> <span class='ocrx_word' id='word_1_318' title='bbox 1180 3690 1209 3726; x_wconf 83' lang='lat' dir='ltr'>a</span> 
     </span>
     <span class='ocr_line' id='line_1_46' title="bbox 179 3738 1192 3806; baseline 0.005 -15"><span class='ocrx_word' id='word_1_319' title='bbox 179 3742 479 3806; x_wconf 83' lang='lat' dir='ltr'>gesteinigt.</span> <span class='ocrx_word' id='word_1_320' title='bbox 552 3739 668 3805; x_wconf 82' lang='lat' dir='ltr'>Vgl.</span> <span class='ocrx_word' id='word_1_321' title='bbox 694 3738 847 3806; x_wconf 81' lang='lat' dir='ltr'>Verg.</span> <span class='ocrx_word' id='word_1_322' title='bbox 870 3740 1000 3794; x_wconf 87' lang='lat' dir='ltr'>Aen.</span> <span class='ocrx_word' id='word_1_323' title='bbox 1023 3740 1082 3795; x_wconf 92' lang='lat'>11.</span> <span class='ocrx_word' id='word_1_324' title='bbox 1108 3744 1192 3795; x_wconf 88' lang='grc'>81.</span> 
     </span>
    </p>

    <p class='ocr_par' dir='ltr' id='par_1_16' title="bbox 172 3806 1211 3931">
     <span class='ocr_line' id='line_1_47' title="bbox 249 3806 1211 3872; baseline 0.004 -13"><span class='ocrx_word' id='word_1_325' title='bbox 249 3808 416 3871; x_wconf 73' lang='lat' dir='ltr'>Aiax,</span> <span class='ocrx_word' id='word_1_326' title='bbox 440 3808 529 3859; x_wconf 86' lang='lat' dir='ltr'>der</span> <span class='ocrx_word' id='word_1_327' title='bbox 553 3806 895 3872; x_wconf 62' lang='lat' dir='ltr'>Telamonia,</span> <span class='ocrx_word' id='word_1_328' title='bbox 919 3808 1018 3862; x_wconf 86' lang='lat' dir='ltr'>den</span> <span class='ocrx_word' id='word_1_329' title='bbox 1044 3809 1211 3862; x_wconf 81' lang='grc'><strong>0118-</strong></span> 
     </span>
     <span class='ocr_line' id='line_1_48' title="bbox 172 3875 1210 3931; baseline 0.004 -4"><span class='ocrx_word' id='word_1_330' title='bbox 172 3890 302 3930; x_wconf 83' lang='lat' dir='ltr'>sens</span> <span class='ocrx_word' id='word_1_331' title='bbox 338 3892 425 3929; x_wconf 87' lang='lat' dir='ltr'>um</span> <span class='ocrx_word' id='word_1_332' title='bbox 461 3877 544 3927; x_wconf 86' lang='lat' dir='ltr'>die</span> <span class='ocrx_word' id='word_1_333' title='bbox 579 3875 852 3928; x_wconf 78' lang='lat' dir='ltr'>Erbschaft</span> <span class='ocrx_word' id='word_1_334' title='bbox 884 3876 975 3930; x_wconf 84' lang='lat' dir='ltr'>der</span> <span class='ocrx_word' id='word_1_335' title='bbox 1009 3877 1104 3930; x_wconf 87' lang='lat' dir='ltr'>Wa</span> <span class='ocrx_word' id='word_1_336' title='bbox 1147 3895 1210 3931; x_wconf 87' lang='lat' dir='ltr'>en</span> 
     </span>
    </p>
   </div>
   <div class='ocr_carea' id='block_1_9' title="bbox 1313 2173 2347 3468">
    <p class='ocr_par' dir='ltr' id='par_1_17' title="bbox 1315 2173 2344 2443">
     <span class='ocr_line' id='line_1_49' title="bbox 1315 2173 2344 2241; baseline -0.002 -13"><span class='ocrx_word' id='word_1_337' title='bbox 1315 2176 1408 2229; x_wconf 87' lang='lat' dir='ltr'>des</span> <span class='ocrx_word' id='word_1_338' title='bbox 1426 2175 1655 2228; x_wconf 88' lang='lat' dir='ltr'>Achilles</span> <span class='ocrx_word' id='word_1_339' title='bbox 1673 2176 1903 2241; x_wconf 87' lang='lat' dir='ltr'>brachte,</span> <span class='ocrx_word' id='word_1_340' title='bbox 1928 2174 2104 2226; x_wconf 80' lang='lat' dir='ltr'>wurde</span> <span class='ocrx_word' id='word_1_341' title='bbox 2124 2173 2344 2227; x_wconf 73' lang='lat' dir='ltr'>dar-tiber</span> 
     </span>
     <span class='ocr_line' id='line_1_50' title="bbox 1317 2214 2344 2310; baseline -0.002 -15"><span class='ocrx_word' id='word_1_342' title='bbox 1317 2244 1644 2310; x_wconf 81' lang='lat' dir='ltr'>wahnsinnig</span> <span class='ocrx_word' id='word_1_343' title='bbox 1666 2243 1772 2295; x_wconf 89' lang='lat' dir='ltr'>und</span> <span class='ocrx_word' id='word_1_344' title='bbox 1796 2214 1903 2309; x_wconf 54' lang='lat' dir='ltr'>gab,</span> <span class='ocrx_word' id='word_1_345' title='bbox 1921 2243 2032 2296; x_wconf 88' lang='lat' dir='ltr'>sich</span> <span class='ocrx_word' id='word_1_346' title='bbox 2055 2242 2220 2296; x_wconf 83' lang='lat' dir='ltr'>selbst</span> <span class='ocrx_word' id='word_1_347' title='bbox 2244 2242 2344 2295; x_wconf 87' lang='lat' dir='ltr'>den</span> 
     </span>
     <span class='ocr_line' id='line_1_51' title="bbox 1315 2309 2343 2377; baseline 0.001 -15"><span class='ocrx_word' id='word_1_348' title='bbox 1315 2309 1431 2363; x_wconf 86' lang='lat' dir='ltr'>Tod</span> <span class='ocrx_word' id='word_1_349' title='bbox 1488 2310 1654 2370; x_wconf 80' lang='lat' dir='ltr'>(Hom.</span> <span class='ocrx_word' id='word_1_350' title='bbox 1680 2310 1773 2363; x_wconf 88' lang='lat' dir='ltr'>Od.</span> <span class='ocrx_word' id='word_1_351' title='bbox 1798 2310 1882 2364; x_wconf 93' lang='lat' dir='ltr'>XI.</span> <span class='ocrx_word' id='word_1_352' title='bbox 1908 2313 2010 2365; x_wconf 83' lang='lat'>542</span> <span class='ocrx_word' id='word_1_353' title='bbox 2031 2312 2100 2377; x_wconf 75' lang='lat' dir='ltr'>fg.</span> <span class='ocrx_word' id='word_1_354' title='bbox 2194 2310 2343 2363; x_wconf 86' lang='lat' dir='ltr'>Ovid.</span> 
     </span>
     <span class='ocr_line' id='line_1_52' title="bbox 1315 2378 2052 2443; baseline 0.004 -12"><span class='ocrx_word' id='word_1_355' title='bbox 1315 2378 1438 2432; x_wconf 82' lang='lat' dir='ltr'>Met.</span> <span class='ocrx_word' id='word_1_356' title='bbox 1461 2378 1565 2432; x_wconf 86' lang='lat' dir='ltr'>XII.</span> <span class='ocrx_word' id='word_1_357' title='bbox 1592 2378 1886 2433; x_wconf 80' lang='lat' dir='ltr'>e1o—xm.</span> <span class='ocrx_word' id='word_1_358' title='bbox 1912 2381 2052 2443; x_wconf 89' lang='grc'><strong>398).</strong></span> 
     </span>
    </p>

    <p class='ocr_par' dir='ltr' id='par_1_18' title="bbox 1314 2447 2346 2636">
     <span class='ocr_line' id='line_1_53' title="bbox 1384 2447 2346 2512; baseline -0.002 -12"><span class='ocrx_word' id='word_1_359' title='bbox 1384 2451 1435 2500; x_wconf 91' lang='grc'><strong>9.</strong></span> <span class='ocrx_word' id='word_1_360' title='bbox 1502 2452 1892 2499; x_wconf 70' lang='lat' dir='ltr'>circumventos</span> <span class='ocrx_word' id='word_1_361' title='bbox 1937 2464 2003 2499; x_wconf 85' lang='lat' dir='ltr'>zu</span> <span class='ocrx_word' id='word_1_362' title='bbox 2057 2447 2198 2499; x_wconf 77' lang='lat' dir='ltr'>Faue</span> <span class='ocrx_word' id='word_1_363' title='bbox 2258 2461 2346 2512; x_wconf 79' lang='lat' dir='ltr'>ge·</span> 
     </span>
     <span class='ocr_line' id='line_1_54' title="bbox 1314 2514 2345 2581; baseline 0 -14"><span class='ocrx_word' id='word_1_364' title='bbox 1314 2515 1523 2581; x_wconf 85' lang='lat' dir='ltr'>bracht,</span> <span class='ocrx_word' id='word_1_365' title='bbox 1570 2521 1889 2581; x_wconf 79' lang='lat' dir='ltr'>temptarem</span> <span class='ocrx_word' id='word_1_366' title='bbox 1936 2515 2025 2568; x_wconf 77' lang='lat' dir='ltr'>auf</span> <span class='ocrx_word' id='word_1_367' title='bbox 2058 2514 2141 2566; x_wconf 88' lang='lat' dir='ltr'>die</span> <span class='ocrx_word' id='word_1_368' title='bbox 2178 2514 2345 2567; x_wconf 84' lang='lat' dir='ltr'>Probe</span> 
     </span>
     <span class='ocr_line' id='line_1_55' title="bbox 1316 2584 1523 2636; baseline 0.005 -1"><span class='ocrx_word' id='word_1_369' title='bbox 1316 2584 1523 2636; x_wconf 84' lang='lat' dir='ltr'>stellen.</span> 
     </span>
    </p>

    <p class='ocr_par' dir='ltr' id='par_1_19' title="bbox 1387 2649 2345 2717">
     <span class='ocr_line' id='line_1_56' title="bbox 1387 2649 2345 2717; baseline -0.007 -11"><span class='ocrx_word' id='word_1_370' title='bbox 1387 2656 1471 2706; x_wconf 85' lang='lat'>10.</span> <span class='ocrx_word' id='word_1_371' title='bbox 1480 2650 1644 2716; x_wconf 66' lang='lat' dir='ltr'>Ulixi,</span> <span class='ocrx_word' id='word_1_372' title='bbox 1646 2650 1840 2704; x_wconf 83' lang='lat' dir='ltr'>wieIV.</span> <span class='ocrx_word' id='word_1_373' title='bbox 1843 2654 1927 2715; x_wconf 89' lang='grc'>33,</span> <span class='ocrx_word' id='word_1_374' title='bbox 1933 2655 2014 2704; x_wconf 77' lang='lat'>71:</span> <span class='ocrx_word' id='word_1_375' title='bbox 2031 2649 2345 2717; x_wconf 75' lang='lat' dir='ltr'>Ganymedi.</span> 
     </span>
    </p>

    <p class='ocr_par' dir='ltr' id='par_1_20' title="bbox 1313 2715 2347 3182">
     <span class='ocr_line' id='line_1_57' title="bbox 1385 2715 2347 2789; baseline -0.004 -16"><span class='ocrx_word' id='word_1_376' title='bbox 1385 2720 1543 2789; x_wconf 65' lang='lat' dir='ltr'>Sisyp</span> <span class='ocrx_word' id='word_1_377' title='bbox 1547 2722 1672 2784; x_wconf 72' lang='lat' dir='ltr'>ltus,</span> <span class='ocrx_word' id='word_1_378' title='bbox 1728 2717 1898 2787; x_wconf 75' lang='lat' dir='ltr'>Konig</span> <span class='ocrx_word' id='word_1_379' title='bbox 1955 2734 2060 2773; x_wconf 81' lang='lat' dir='ltr'>von</span> <span class='ocrx_word' id='word_1_380' title='bbox 2112 2715 2347 2781; x_wconf 82' lang='lat' dir='ltr'>Korinth,</span> 
     </span>
     <span class='ocr_line' id='line_1_58' title="bbox 1315 2759 2347 2841; baseline -0.002 -1"><span class='ocrx_word' id='word_1_381' title='bbox 1315 2789 1457 2840; x_wconf 87' lang='lat' dir='ltr'>erlitt</span> <span class='ocrx_word' id='word_1_382' title='bbox 1503 2788 1587 2840; x_wconf 86' lang='lat' dir='ltr'>die</span> <span class='ocrx_word' id='word_1_383' title='bbox 1623 2759 1790 2841; x_wconf 70' lang='lat' dir='ltr'>S&#39;trafe</span> <span class='ocrx_word' id='word_1_384' title='bbox 1835 2790 1887 2841; x_wconf 89' lang='grc'>111</span> <span class='ocrx_word' id='word_1_385' title='bbox 1934 2787 2025 2840; x_wconf 88' lang='lat' dir='ltr'>der</span> <span class='ocrx_word' id='word_1_386' title='bbox 2058 2785 2347 2839; x_wconf 83' lang='lat' dir='ltr'>Unterwelt</span> 
     </span>
     <span class='ocr_line' id='line_1_59' title="bbox 1313 2854 2347 2925; baseline -0.002 -16"><span class='ocrx_word' id='word_1_387' title='bbox 1313 2857 1471 2921; x_wconf 84' lang='lat' dir='ltr'>(oben</span> <span class='ocrx_word' id='word_1_388' title='bbox 1495 2859 1669 2925; x_wconf 86' lang='grc'><strong>5,10),</strong></span> <span class='ocrx_word' id='word_1_389' title='bbox 1706 2855 1826 2909; x_wconf 84' lang='lat' dir='ltr'>weil</span> <span class='ocrx_word' id='word_1_390' title='bbox 1861 2872 1917 2909; x_wconf 87' lang='lat' dir='ltr'>er</span> <span class='ocrx_word' id='word_1_391' title='bbox 1951 2856 2051 2909; x_wconf 88' lang='lat' dir='ltr'>den</span> <span class='ocrx_word' id='word_1_392' title='bbox 2074 2855 2222 2907; x_wconf 89' lang='lat' dir='ltr'>Raub</span> <span class='ocrx_word' id='word_1_393' title='bbox 2256 2854 2347 2907; x_wconf 86' lang='lat' dir='ltr'>der</span> 
     </span>
     <span class='ocr_line' id='line_1_60' title="bbox 1314 2896 2345 2992; baseline -0.001 -16"><span class='ocrx_word' id='word_1_394' title='bbox 1314 2925 1512 2992; x_wconf 77' lang='lat' dir='ltr'>Aegina</span> <span class='ocrx_word' id='word_1_395' title='bbox 1530 2896 1697 2977; x_wconf 88' lang='lat' dir='ltr'>durch</span> <span class='ocrx_word' id='word_1_396' title='bbox 1716 2923 1955 2992; x_wconf 86' lang='lat' dir='ltr'>Juppiter</span> <span class='ocrx_word' id='word_1_397' title='bbox 1972 2923 2218 2978; x_wconf 83' lang='lat' dir='ltr'>entdeckt</span> <span class='ocrx_word' id='word_1_398' title='bbox 2243 2923 2345 2975; x_wconf 89' lang='lat' dir='ltr'>und</span> 
     </span>
     <span class='ocr_line' id='line_1_61' title="bbox 1314 2993 2341 3052; baseline -0.002 -7"><span class='ocrx_word' id='word_1_399' title='bbox 1314 2994 1478 3045; x_wconf 85' lang='lat' dir='ltr'>ihrem</span> <span class='ocrx_word' id='word_1_400' title='bbox 1496 2993 1656 3046; x_wconf 83' lang='lat' dir='ltr'>Vater</span> <span class='ocrx_word' id='word_1_401' title='bbox 1676 2994 1784 3045; x_wconf 87' lang='lat' dir='ltr'>Aso</span> <span class='ocrx_word' id='word_1_402' title='bbox 1823 3009 1884 3046; x_wconf 83' lang='lat' dir='ltr'>us</span> <span class='ocrx_word' id='word_1_403' title='bbox 1908 2997 2142 3046; x_wconf 83' lang='lat' dir='ltr'>verraten</span> <span class='ocrx_word' id='word_1_404' title='bbox 2174 2993 2341 3052; x_wconf 79' lang='lat' dir='ltr'>hatte3</span> 
     </span>
     <span class='ocr_line' id='line_1_62' title="bbox 1314 3060 2346 3127; baseline 0.001 -15"><span class='ocrx_word' id='word_1_405' title='bbox 1314 3076 1424 3113; x_wconf 82' lang='lat' dir='ltr'>war</span> <span class='ocrx_word' id='word_1_406' title='bbox 1448 3062 1736 3127; x_wconf 72' lang='lat' dir='ltr'>uberhaupt</span> <span class='ocrx_word' id='word_1_407' title='bbox 1806 3061 1929 3115; x_wconf 87' lang='lat' dir='ltr'>urch</span> <span class='ocrx_word' id='word_1_408' title='bbox 1964 3062 2107 3115; x_wconf 77' lang='lat' dir='ltr'>selue</span> <span class='ocrx_word' id='word_1_409' title='bbox 2133 3060 2346 3114; x_wconf 84' lang='lat' dir='ltr'>Schlau-</span> 
     </span>
     <span class='ocr_line' id='line_1_63' title="bbox 1314 3129 1715 3182; baseline -0.002 -1"><span class='ocrx_word' id='word_1_410' title='bbox 1314 3131 1425 3182; x_wconf 85' lang='lat' dir='ltr'>heit</span> <span class='ocrx_word' id='word_1_411' title='bbox 1460 3129 1715 3181; x_wconf 76' lang='lat' dir='ltr'>berfihmt.</span> 
     </span>
    </p>

    <p class='ocr_par' dir='ltr' id='par_1_21' title="bbox 1385 3197 2344 3264">
     <span class='ocr_line' id='line_1_64' title="bbox 1385 3197 2344 3264; baseline -0.002 -14"><span class='ocrx_word' id='word_1_412' title='bbox 1385 3200 1551 3254; x_wconf 80' lang='lat' dir='ltr'>11.ol›</span> <span class='ocrx_word' id='word_1_413' title='bbox 1589 3213 1705 3248; x_wconf 90' lang='lat' dir='ltr'>eam</span> <span class='ocrx_word' id='word_1_414' title='bbox 1738 3213 1871 3261; x_wconf 81' lang='lat' dir='ltr'>rem,</span> <span class='ocrx_word' id='word_1_415' title='bbox 1906 3197 2012 3264; x_wconf 82' lang='lat' dir='ltr'>vgl.</span> <span class='ocrx_word' id='word_1_416' title='bbox 2049 3213 2112 3249; x_wconf 81' lang='lat' dir='ltr'>zu</span> <span class='ocrx_word' id='word_1_417' title='bbox 2150 3197 2234 3259; x_wconf 78' lang='lat'>27,</span> <span class='ocrx_word' id='word_1_418' title='bbox 2261 3197 2344 3249; x_wconf 81' lang='lat'>66.</span> 
     </span>
    </p>

    <p class='ocr_par' dir='ltr' id='par_1_22' title="bbox 1313 3264 2343 3468">
     <span class='ocr_line' id='line_1_65' title="bbox 1386 3264 2343 3333; baseline -0.005 -14"><span class='ocrx_word' id='word_1_419' title='bbox 1386 3267 1467 3320; x_wconf 87' lang='lat'>12.</span> <span class='ocrx_word' id='word_1_420' title='bbox 1513 3264 1599 3318; x_wconf 87' lang='lat' dir='ltr'>Ne</span> <span class='ocrx_word' id='word_1_421' title='bbox 1620 3281 1714 3317; x_wconf 76' lang='lat' dir='ltr'>vos</span> <span class='ocrx_word' id='word_1_422' title='bbox 1736 3266 2343 3333; x_wconf 72' lang='lat' dir='ltr'>quidem—timueritis,</span> 
     </span>
     <span class='ocr_line' id='line_1_66' title="bbox 1313 3333 2343 3400; baseline -0.004 -14"><span class='ocrx_word' id='word_1_423' title='bbox 1313 3339 1442 3386; x_wconf 79' lang='lat' dir='ltr'>statt</span> <span class='ocrx_word' id='word_1_424' title='bbox 1478 3333 1570 3386; x_wconf 87' lang='lat' dir='ltr'>des</span> <span class='ocrx_word' id='word_1_425' title='bbox 1606 3333 1901 3400; x_wconf 67' lang='lat' dir='ltr'>hiufigeren</span> <span class='ocrx_word' id='word_1_426' title='bbox 1939 3333 2104 3386; x_wconf 83' lang='lat' dir='ltr'>nolite</span> <span class='ocrx_word' id='word_1_427' title='bbox 2137 3334 2343 3398; x_wconf 77' lang='lat' dir='ltr'>timere,</span> 
     </span>
     <span class='ocr_line' id='line_1_67' title="bbox 1313 3400 2343 3468; baseline 0 -16"><span class='ocrx_word' id='word_1_428' title='bbox 1313 3417 1425 3454; x_wconf 76' lang='lat' dir='ltr'>war</span> <span class='ocrx_word' id='word_1_429' title='bbox 1459 3402 1570 3454; x_wconf 89' lang='lat' dir='ltr'>hier</span> <span class='ocrx_word' id='word_1_430' title='bbox 1606 3417 1790 3468; x_wconf 81' lang='lat' dir='ltr'>wegen</span> <span class='ocrx_word' id='word_1_431' title='bbox 1825 3403 1917 3455; x_wconf 87' lang='lat' dir='ltr'>der</span> <span class='ocrx_word' id='word_1_432' title='bbox 1938 3400 2343 3467; x_wconf 82' lang='lat' dir='ltr'>Hervorhebung</span> 
     </span>
    </p>
   </div>
   <div class='ocr_carea' id='block_1_10' title="bbox 1265 3469 2342 3537">
    <p class='ocr_par' dir='ltr' id='par_1_23' title="bbox 1265 3469 2342 3537">
     <span class='ocr_line' id='line_1_68' title="bbox 1265 3469 2342 3537; baseline 0.003 -16"><span class='ocrx_word' id='word_1_433' title='bbox 1265 3501 1268 3504; x_wconf 97' lang='lat'>-</span> <span class='ocrx_word' id='word_1_434' title='bbox 1313 3472 1406 3523; x_wconf 84' lang='lat' dir='ltr'>des</span> <span class='ocrx_word' id='word_1_435' title='bbox 1441 3487 1535 3521; x_wconf 75' lang='lat' dir='ltr'>vos</span> <span class='ocrx_word' id='word_1_436' title='bbox 1569 3469 1886 3537; x_wconf 72' lang='lat' dir='ltr'>notwendig.</span> <span class='ocrx_word' id='word_1_437' title='bbox 1958 3470 2342 3537; x_wconf 76' lang='lat' dir='ltr'>Vgl.47,112:</span> 
     </span>
    </p>
   </div>
   <div class='ocr_carea' id='block_1_11' title="bbox 1312 3540 2344 3946">
    <p class='ocr_par' dir='ltr' id='par_1_24' title="bbox 1312 3540 2344 3946">
     <span class='ocr_line' id='line_1_69' title="bbox 1312 3540 1720 3622; baseline 0 -32"><span class='ocrx_word' id='word_1_438' title='bbox 1312 3555 1382 3590; x_wconf 84' lang='lat' dir='ltr'>ne</span> <span class='ocrx_word' id='word_1_439' title='bbox 1414 3540 1720 3622; x_wconf 72' lang='lat' dir='ltr'>reliqueris.</span> 
     </span>
     <span class='ocr_line' id='line_1_70' title="bbox 1384 3605 2344 3673; baseline -0.001 -12"><span class='ocrx_word' id='word_1_440' title='bbox 1384 3612 1468 3661; x_wconf 80' lang='lat'>17.</span> <span class='ocrx_word' id='word_1_441' title='bbox 1505 3610 1615 3658; x_wconf 79' lang='lat' dir='ltr'>nui</span> <span class='ocrx_word' id='word_1_442' title='bbox 1649 3607 1795 3673; x_wconf 81' lang='lat' dir='ltr'>quod</span> <span class='ocrx_word' id='word_1_443' title='bbox 1815 3610 1935 3671; x_wconf 66' lang='lat' dir='ltr'>cet„</span> <span class='ocrx_word' id='word_1_444' title='bbox 1968 3605 2022 3660; x_wconf 90' lang='lat' dir='ltr'>d.</span> <span class='ocrx_word' id='word_1_445' title='bbox 2047 3606 2097 3659; x_wconf 91' lang='lat' dir='ltr'>h.</span> <span class='ocrx_word' id='word_1_446' title='bbox 2123 3607 2244 3659; x_wconf 75' lang='lat' dir='ltr'>weil</span> <span class='ocrx_word' id='word_1_447' title='bbox 2267 3609 2344 3660; x_wconf 86' lang='lat' dir='ltr'>sie</span> 
     </span>
     <span class='ocr_line' id='line_1_71' title="bbox 1312 3674 2343 3741; baseline 0.005 -14"><span class='ocrx_word' id='word_1_448' title='bbox 1312 3676 1411 3727; x_wconf 85' lang='lat' dir='ltr'>mir</span> <span class='ocrx_word' id='word_1_449' title='bbox 1435 3674 1683 3728; x_wconf 81' lang='lat' dir='ltr'>feindlich</span> <span class='ocrx_word' id='word_1_450' title='bbox 1706 3675 1912 3741; x_wconf 82' lang='lat' dir='ltr'>gesinnt</span> <span class='ocrx_word' id='word_1_451' title='bbox 1945 3689 2187 3741; x_wconf 78' lang='lat' dir='ltr'>gevvesen</span> <span class='ocrx_word' id='word_1_452' title='bbox 2211 3676 2343 3732; x_wconf 83' lang='lat' dir='ltr'>sind.</span> 
     </span>
     <span class='ocr_line' id='line_1_72' title="bbox 1385 3744 2344 3808; baseline -0.001 -11"><span class='ocrx_word' id='word_1_453' title='bbox 1385 3747 1468 3797; x_wconf 90' lang='grc'>19.</span> <span class='ocrx_word' id='word_1_454' title='bbox 1504 3746 1680 3808; x_wconf 82' lang='lat' dir='ltr'>abire,</span> <span class='ocrx_word' id='word_1_455' title='bbox 1726 3744 1868 3797; x_wconf 88' lang='lat' dir='ltr'>nicht</span> <span class='ocrx_word' id='word_1_456' title='bbox 1914 3744 2173 3808; x_wconf 79' lang='lat' dir='ltr'>abeundi,</span> <span class='ocrx_word' id='word_1_457' title='bbox 2222 3746 2344 3797; x_wconf 79' lang='lat' dir='ltr'>weil</span> 
     </span>
     <span class='ocr_line' id='line_1_73' title="bbox 1315 3813 2341 3878; baseline 0 -15"><span class='ocrx_word' id='word_1_458' title='bbox 1315 3817 1522 3876; x_wconf 74' lang='lat' dir='ltr'>tempus</span> <span class='ocrx_word' id='word_1_459' title='bbox 1558 3816 1638 3862; x_wconf 73' lang='lat' dir='ltr'>est</span> <span class='ocrx_word' id='word_1_460' title='bbox 1668 3836 1737 3857; x_wconf 68' lang='grc' dir='ltr'>ι-</span> <span class='ocrx_word' id='word_1_461' title='bbox 1757 3813 1828 3865; x_wconf 86' lang='lat' dir='ltr'>ist</span> <span class='ocrx_word' id='word_1_462' title='bbox 1864 3816 2224 3878; x_wconf 76' lang='lat' dir='ltr'>opportunum</span> <span class='ocrx_word' id='word_1_463' title='bbox 2247 3818 2341 3864; x_wconf 72' lang='lat' dir='ltr'>est.</span> 
     </span>
     <span class='ocr_line' id='line_1_74' title="bbox 1383 3879 2340 3946; baseline -0.001 -14"><span class='ocrx_word' id='word_1_464' title='bbox 1383 3882 1467 3934; x_wconf 89' lang='grc'>20.</span> <span class='ocrx_word' id='word_1_465' title='bbox 1493 3881 1758 3931; x_wconf 76' lang='lat' dir='ltr'>hominem</span> <span class='ocrx_word' id='word_1_466' title='bbox 1781 3881 2010 3946; x_wconf 81' lang='lat' dir='ltr'>quidem,</span> <span class='ocrx_word' id='word_1_467' title='bbox 2034 3879 2340 3945; x_wconf 82' lang='lat' dir='ltr'>adversativ,</span> 
     </span>
    </p>
   </div>
  </div>
 </body>
</html>
