2834 4317
1010 779 1237 842 mesu
1280 733 1635 842 marius

850 912 935 965 DE
969 905 1408 966 AEGRITUDINE
1444 912 1786 967 LENIENDA.

410 1136 703 1207 Quidnam
728 1155 875 1210 esse,
906 1137 1109 1210 Brute,
1142 1156 1352 1199 causae
1381 1147 1586 1218 putem
1617 1157 1743 1213 our,
1775 1157 1910 1199 eum
1941 1149 2283 1201 constemus
2313 1159 2386 1202 ex
2421 1126 2456 1178 l

239 1222 437 1283 animo
470 1232 529 1284 et
559 1239 810 1301 corpore
828 1268 844 1296 ,
876 1222 1145 1301 corporis
1176 1223 1423 1283 curandi
1454 1223 1781 1302 tuendique
1811 1242 1987 1285 eausa
2018 1225 2280 1304 quaesita
2312 1226 2388 1286 sit
2432 1205 2461 1256 ²

239 1325 333 1368 ars
354 1316 533 1386 atque
557 1308 684 1368 eius
707 1306 925 1368 utilitas
946 1307 1192 1368 deorum
1216 1308 1638 1368 immortalium
1661 1309 1993 1370 inventioni
2021 1318 2387 1385 consecrata,

242 1391 419 1453 animi
442 1401 637 1453 autem
663 1392 954 1453 medicina
987 1410 1099 1453 nec
1128 1401 1247 1453 tam
1277 1392 1606 1454 desiderata
1635 1393 1712 1455 sit
1752 1403 1891 1455 ante
1921 1412 2101 1473 quam
2131 1394 2386 1469 inventa,

162 1488 193 1538 5
236 1495 348 1538 nec
375 1488 495 1538 tam
527 1477 683 1539 culta
725 1486 928 1556 postea
972 1495 1147 1555 quam
1180 1478 1415 1556 cognita
1447 1487 1566 1552 est,
1613 1496 1726 1539 nec
1760 1488 1880 1539 tam
1910 1478 2108 1540 multis
2137 1486 2297 1558 grata
2329 1488 2418 1540 et·

239 1561 520 1642 probata,
572 1561 847 1641 pluribus
891 1562 1065 1623 etiam
1111 1572 1386 1641 suspecta
1432 1572 1491 1624 et
1519 1561 1746 1625 invisa?
1790 1566 1879 1625 An
1927 1565 2084 1642 quod
2117 1563 2386 1643 corporis

238 1647 578 1728 gravitatem
610 1657 669 1707 et
697 1648 962 1708 dolorem
994 1647 1191 1708 animo
1223 1647 1570 1722 iudicamus,
1605 1648 1788 1709 animi
1825 1649 2101 1709 morbum
2131 1667 2384 1729 corpore

239 1750 363 1792 non
394 1729 727 1794 sentimus?
770 1731 857 1792 lta
885 1733 950 1792 fit
979 1741 1047 1793 ut
1074 1733 1306 1795 animus
1336 1733 1407 1795 de
1440 1753 1502 1796 se
1540 1734 1668 1813 ipse
1696 1742 1823 1794 tum
1855 1734 2106 1809 iudicet,
2158 1753 2293 1795 eum
2323 1734 2382 1794 id

236 1818 451 1896 ipsum,
485 1836 603 1896 quo
622 1817 946 1896 iudicatur,
974 1825 1256 1896 aegrotet.
1310 1818 1485 1889 Quod
1514 1819 1565 1880 si
1592 1819 1724 1881 talis
1754 1838 1866 1881 nos
1897 1827 2108 1880 natura
2139 1819 2382 1899 genuis—
2429 1832 2459 1883 2

132 1911 192 1963 10
235 1912 356 1977 set,
399 1911 466 1964 ut
508 1920 640 1964 eam
679 1902 867 1982 ipsam
907 1902 1128 1962 intueri
1160 1911 1219 1963 et
1250 1903 1590 1982 perspicere
1622 1905 1947 1983 eademque
1979 1905 2200 1983 optima
2229 1904 2381 1965 duce

236 2005 477 2054 cursum
507 1988 652 2048 vitae
676 1988 975 2048 conficere
1004 2005 1335 2066 possemus,
1365 1988 1520 2049 haud
1552 1998 1678 2050 erat
1707 2007 1851 2051 sane
1882 1988 2041 2067 quod
2072 1988 2382 2066 quisquam

234 2072 528 2133 rationem
573 2091 642 2133 ao
687 2072 1016 2133 doctrinam
1060 2072 1411 2150 requireret.
1480 2073 1653 2134 Nune
1695 2074 1973 2152 parvulos
2016 2073 2190 2134 nobis
2220 2072 2384 2135 dedit

301 2208 349 2259 3.
410 2208 524 2256 eius
572 2206 782 2256 utililas
817 2233 887 2242 —
928 2210 1254 2271 consecrata,
1355 2209 1832 2271 rumgravz’tatem.
1858 2206 1943 2271 (de
1960 2203 2049 2257 fin.
2065 2204 2149 2257 IV.
2171 2208 2252 2268 12,
2267 2208 2379 2271 31);

228 2266 336 2324 fiir:
382 2288 444 2323 ea
477 2277 701 2339 propter
733 2274 1021 2324 utilitatem
1056 2274 1139 2324 dis
1172 2276 1255 2323 iu-
1357 2274 1634 2339 cigentlich
1669 2274 1759 2326 der
1802 2273 2055 2338 Zustand‚
2092 2288 2176 2325 wo
2214 2273 2381 2326 einem

227 2342 534 2391 venem-ibus
579 2343 782 2392 tributa
826 2340 1050 2406 ideoque
1094 2356 1251 2391 sacra
1358 2340 1441 2393 die
1465 2340 1669 2394 Glieder
1695 2341 1898 2394 schwer
1932 2339 2064 2403 sind,
2098 2340 2254 2392 daher
2281 2340 2379 2393 Un-

227 2409 428 2460 habita.
497 2406 596 2459 Der
619 2408 892 2460 Ausdruck
926 2408 995 2460 ist
1029 2408 1121 2461 auf
1151 2408 1251 2460 den
1356 2409 1609 2461 wohlsein
1644 2410 1948 2476 uberhaupt.

223 2475 521 2529 bekannten
546 2476 1001 2544 Sprachgebrauch
1035 2476 1252 2528 zurfick-
1436 2481 1485 2531 7.
1534 2480 1707 2529 animi
1753 2479 1997 2529 morbum
2023 2504 2094 2515 —
2120 2481 2381 2540 aegrotet.

223 2543 501 2597 zulfihren:
527 2544 818 2611 implorare
838 2546 1069 2596 alieuius
1093 2549 1251 2596 auoei-
1354 2544 1588 2597 Genauer
1636 2544 1800 2596 ware:
1854 2545 1920 2595 de
1963 2547 2135 2595 animi
2178 2546 2381 2610 morbo,

223 2614 375 2678 lium,
402 2613 680 2677 jemanden
717 2629 812 2665 um
838 2612 973 2665 Hilfe
996 2612 1250 2679 anflehen,

1355 2616 1609 2678 quoniam
1635 2629 1858 2680 corpore
1880 2628 1990 2663 non
2012 2614 2285 2677 sentimus,
2311 2614 2378 2664 ab

224 2683 507 2746 increpare
530 2681 640 2731 ales
653 2680 955 2746 perfidiam,
972 2680 1251 2745 J'emanden

1353 2681 1680 2745 aegrotandi
1713 2684 1893 2732 animo
1931 2683 2048 2746 ipso
2083 2679 2380 2733 iudicatur.

224 2763 277 2798 w
289 2763 446 2814 egen
464 2746 844 2814 Treulosigkeit
861 2749 1109 2813 schelten,
1135 2764 1182 2801 u.
1201 2763 1247 2800 a.

219 2813 318 2867 Mit
348 2822 657 2867 consecrata
680 2815 786 2881 vgl.
817 2818 894 2881 11,
915 2819 1003 2869 25:
1031 2818 1250 2867 turban-

222 2889 332 2935 tur.
389 2882 482 2936 Die
507 2884 595 2935 dez·
627 2883 955 2935 immortales
988 2882 1102 2934 sind
1137 2882 1248 2935 hier

218 2952 412 3018 Apollo
447 2950 552 3003 und
587 2952 698 3004 sein
735 2950 878 3003 Sohn
912 2950 1185 3018 Aesculap.

195 3034 203 3039 ·
291 3023 340 3072 5.
378 3026 487 3071 tam
520 3020 717 3082 multis,
753 3020 906 3072 nfiml.
944 3036 1104 3085 quam
1130 3037 1246 3071 cor-

214 3091 372 3155 poris
412 3088 679 3139 medicina
688 3108 710 3151 ,-
755 3088 1037 3154 pluribus:
1086 3104 1248 3154 quam

214 3161 384 3221 grata
420 3162 472 3206 et
500 3172 586 3222 pr.
622 3160 715 3207 est.

292 3226 341 3276 6.
375 3222 469 3275 Die
504 3224 598 3275 mit
627 3240 701 3275 an
736 3224 1063 3290 eingeleitete
1086 3224 1247 3290 Frage

218 3290 408 3343 dn'ickt
431 3290 530 3342 den
555 3291 833 3344 Gedanken
869 3308 977 3356 aus,
1014 3292 1247 3345 welchen

217 3359 314 3411 der
337 3358 579 3425 Gefragte
601 3360 1026 3412 voraussichtlich
1061 3376 1124 3412 zu
1159 3360 1249 3412 be-

215 3428 450 3495 haupten
498 3428 708 3494 geneigt
752 3428 845 3491 ist,
892 3429 1088 3481 enthilt
1136 3429 1247 3482 also

213 3495 332 3548 hier
350 3495 434 3548 die
452 3495 543 3548 auf
557 3496 640 3548 die
655 3496 1072 3562 vorhergehende
1086 3496 1248 3562 Frage

213 3569 643 3685 νοῐιῗιξιεςεῖεοιιέε
699 3565 937 3682 ᾼηῐένοη
990 3589 1057 3645 ‘.’=
1109 3565 1250 3683 night

213 3648 303 3684 wa
391 3661 455 3670 --
544 3648 576 3684 o
616 3648 670 3684 er
704 3648 756 3684 1n
834 3648 941 3684 orm
978 3647 1116 3685 einer
1194 3648 1249 3683 e-

216 3672 514 3768 hauptung’:
565 3700 700 3752 doch
737 3700 900 3764 wohl,
938 3701 1037 3753 wie
1069 3700 1126 3751 11.
1168 3702 1249 3763 18,

216 3770 317 3821 42:
355 3785 428 3820 an
462 3769 647 3820 eadem
682 3771 913 3820 breviter
946 3772 1249 3833 attingam?

293 3841 538 3903 corporis
565 3839 895 3902 gravitatem
913 3863 977 3883 =
995 3838 1249 3888 membro-

1427 2751 1505 2801 10.
1540 2753 1714 2815 ipsam
1738 2739 2132 2800 ‘unmittelbar’.

1426 2819 1506 2868 11.
1541 2818 1690 2868 haud
1719 2833 1850 2868 sane
1880 2812 2044 2868 ‘nicht
2079 2810 2254 2878 eben',
2291 2814 2380 2867 da-

1353 2898 1519 2949 gegen
1559 2888 1639 2951 10,
1676 2887 1764 2938 22:
1800 2900 1912 2936 uon
1942 2900 2072 2936 sane
2102 2879 2378 2935 ‘dui-chaus

1349 2949 1538 3007 nicht'.

1424 3024 1505 3075 12.
1529 3024 1796 3073 rationem
1821 3036 1887 3071 ac
1915 3010 2381 3071 doetrinam‘wis-

1351 3088 1748 3141 senschaftliche
1774 3086 2081 3153 Belehrung,
2116 3088 2218 3139 wie
2253 3084 2289 3140 Ι.
2330 3090 2378 3151 1,

1355 3161 1411 3210 1:
1437 3160 1581 3208 ratio
1601 3161 1654 3207 ot
1675 3156 1988 3223 disciplina3
2019 3157 2098 3221 13,
2113 3157 2206 3208 30:
2226 3153 2381 3205 nulla

1349 3229 1561 3277 ratione
1593 3226 1848 3291 nullaque
1883 3225 2148 3276 doctrina.

1418 3284 1725 3345 Nuno‘nun
1757 3294 1897 3356 aber,
1932 3307 1991 3345 so
2028 3284 2192 3355 aber',
2227 3288 2381 3340 meist

1350 3361 1445 3413 mit
1479 3366 1657 3412 autem
1702 3361 1825 3413 oder
1860 3376 2014 3423 vero,
2059 3358 2160 3410 wie
2206 3356 2378 3435 gleiqh

1350 3429 1576 3481 nachher
1610 3446 1660 3482 u.
1694 3428 1777 3482 IV.
1816 3431 1897 3493 24,
1935 3429 2025 3490 54,
2070 3425 2242 3477 indem
2292 3423 2377 3477 die

1352 3496 1712 3549 Wirklichkeit
1759 3497 1849 3548 der
1891 3494 2163 3560 fingierten
2197 3491 2377 3544 Nicht-

1352 3564 1699 3616 wirklichkeit
1737 3565 2195 3630 entgegengesetzt
2228 3559 2374 3615 wird.

1411 3621 2373 3699 parvulos-igniculos‘rfinkohen'3

1352 3701 1454 3752 wie
1479 3701 1542 3752 de
1565 3699 1652 3752 fin.
1674 3699 1734 3751 V.
1762 3704 1811 3764 7,
1839 3701 1926 3753 18:
1951 3703 2078 3750 sunt
2097 3700 2157 3762 in
2181 3699 2377 3748 animis

1351 3771 1509 3834 quasi
1530 3771 1788 3819 virtutum
1817 3766 2050 3832 igniculi
2082 3770 2134 3816 et
2152 3767 2375 3815 semina.

1350 3837 1425 3888 Zu
1445 3836 1558 3887 dem
1580 3835 1858 3902 doppelten
1873 3834 2248 3886 Deminutivum
2267 3831 2375 3897 vgl.

1897 3921 1967 3973 1*
