2834 4317
439 172 522 232 42
1221 126 1435 224 ‘unna
1470 170 1546 224 ιιι.
1585 172 1669 238 27,
1688 174 1771 226 65.
1792 173 1875 225 66.

439 367 576 410 cum
619 366 683 409 se
712 348 774 410 in
806 347 972 407 luctu
1017 362 1148 406 esse
1177 344 1429 418 vellent,
1472 343 1694 422 aliquid
1724 345 2000 405 fecerunt
2029 345 2363 418 humaniuS,
2406 351 2512 404 aut
2539 344 2593 405 si

436 433 680 513 hilarius
710 432 894 493 locuti
922 439 1082 503 sunt,
1119 438 1403 491 revocant
1433 448 1496 490 se
1525 448 1734 491 rursus
1762 429 1834 490 ad
1867 429 2212 490 maestitiam
2242 429 2593 508 peccatique

439 537 503 580 se
546 518 926 590 insimulant,
974 515 1135 594 quod
1176 514 1378 576 dolere
1419 515 1867 576 intermiserint.
1924 515 2152 576 Pueros
2192 533 2328 575 vero
2370 522 2593 576 matres

439 614 500 665 et
527 603 791 683 magistri
821 601 1106 679 castigare
1148 600 1322 661 etiam
1350 599 1574 671 solent,
1622 618 1734 661 nec
1775 599 1969 661 verbis
2010 600 2202 661 solum
2221 644 2238 673 ,
2278 599 2383 661 sed
2414 600 2590 661 etiam

435 689 815 759 verberihuS,
855 688 906 749 si
937 686 1079 765 quid
1107 685 1170 746 in
1203 685 1526 746 domestico
1555 685 1721 747 luctu
1747 685 1992 765 hilarius
2033 684 2108 746 ab
2143 685 2215 746 iis
2252 686 2471 746 factum
2500 694 2591 747 est
2638 696 2667 744 5

437 783 539 835 aut
566 775 807 846 dictum,
838 772 1074 852 plorare
1105 780 1349 849 cogunt.
1408 768 1609 841 Quid?
1652 770 1779 850 ipsa
1808 770 2077 832 remissio
2108 770 2302 830 luctus
2333 788 2470 830 cum
2499 779 2594 831 est

439 870 762 920 consecuta
789 857 1276 934 intellectumque
1307 864 1400 917 est
1429 854 1578 916 nihil
1619 856 1829 935 profici
1858 856 2209 925 maerendo,
2256 874 2461 916 nonne
2491 874 2592 917 res

437 944 695 1005 declarat
722 943 904 1005 fuisse
942 950 1132 1002 totum
1176 940 1321 1002 illud
1364 938 1806 1003 voluntarium?
1866 941 2019 1012 Quid
2063 940 2161 1000 ille
2192 901 2591 1005 Terentianus

429 1022 586 1109 ‘ipse
615 1047 680 1090 se
708 1017 1057 1108 poeniens',
1089 1027 1144 1088 id
1177 1035 1267 1087 est
1296 1023 1535 1090 ἑαυτὸν
1580 1023 2130 1105 τιμωρούμενοςῖ

840 1112 1089 1174 Decre'vi
1114 1112 1397 1192 tantisper
1425 1130 1516 1172 me
1544 1116 1739 1172 minus
1764 1114 2036 1183 iniuriae,
2638 1120 2698 1171 10

847 1198 1130 1269 Chremes,
1169 1216 1294 1259 meo
1326 1206 1501 1275 ynato
1532 1197 1753 1273 facere,
1788 1197 1924 1257 dum
1951 1196 2095 1276 fiam
2123 1198 2314 1256 miser.

436 1283 548 1343 Hic
578 1283 845 1344 decernit
888 1293 957 1344 ut
994 1283 1176 1381 miser
1215 1284 1309 1344 sit.
1367 1281 1521 1342 Num
1562 1282 1694 1359 quis
1737 1281 1916 1359 igitur
1959 1282 2277 1360 quicquam
2319 1282 2592 1344 decernit

433 1369 650 1431 invitus
665 1367 695 1429 ‘l

839 1452 999 1515 Μαῑό
1031 1453 1257 1534 quidem
1284 1470 1376 1513 me
1405 1455 1604 1531 quevis
1632 1452 1872 1530 dzynum
1902 1428 2178 1531 deputem.

433 1539 585 1601 Malo
625 1559 688 1600 se
740 1539 985 1618 dignum
1030 1541 1304 1615 deputat,
1349 1536 1463 1597 nisi
1499 1536 1681 1596 miser
1721 1535 1816 1596 sit.
1887 1535 2063 1596 Vides
2104 1553 2248 1613 ergo
2288 1536 2590 1617 opinionis
2637 1546 2700 1597 15

434 1643 582 1697 esse,
615 1644 736 1684 non
769 1634 1016 1685 naturae
1044 1622 1282 1684 malum.
1344 1621 1529 1695 Quid,
1563 1640 1714 1700 quos
1743 1639 1840 1682 res
1875 1621 2002 1700 ipsa
2032 1621 2235 1699 lugere
2263 1620 2586 1699 prohibet?

434 1719 502 1770 ut
540 1709 694 1789 apud
726 1709 1051 1769 Homerum
1092 1707 1422 1768 cotidianae
1466 1725 1646 1767 neces
1701 1706 2095 1785 interitusque
2125 1706 2446 1767 multorum
2488 1728 2586 1770 se·

433 1793 730 1855 dationem
761 1792 1061 1854 maerendi
1094 1793 1385 1865 adferunt,
1417 1791 1573 1871 apud
1607 1809 1784 1870 quem
1813 1793 1892 1852 ita
1923 1791 2173 1851 dicitur:

845 1878 1105 1957 Namque
1133 1882 1311 1938 nimis
1337 1877 1549 1939 multos
1577 1889 1743 1958 acque
1771 1879 1933 1937 omni
1957 1876 2078 1938 luce
2106 1877 2357 1939 cadentis

847 1962 1164 2034 Cernimus,
1192 1973 1257 2022 ut
1287 1981 1452 2023 nemo
1478 1967 1656 2043 possit
1684 1980 1953 2037 maerore⁸
1970 1979 2193 2022 vacare.
2633 1974 2698 2026 20

850 2047 982 2119 Quo
1011 2052 1198 2128 mayis
1226 2058 1305 2109 est
1335 2066 1578 2127 aequum
1608 2046 1849 2108 tumulis
1874 2048 2153 2107 mandare
2174 2059 2498 2127 peremptos

841 2132 1042 2194 Firmo
1073 2137 1270 2194 animo
1301 2145 1352 2193 et
1382 2133 1600 2194 luctum
1631 2132 1889 2193 lacrimis
1915 2133 2089 2212 finire
2120 2133 2364 2193 diurnis.

427 2217 586 2297 Ergo
616 2217 677 2278 in
711 2226 1003 2296 potestate
1040 2227 1130 2280 est
1168 2218 1401 2279 abicere
1445 2217 1745 2292 dolorem,
1789 2235 1925 2278 cum
1954 2217 2124 2290 veliS,
2169 2218 2422 2296 tempori
2454 2237 2584 2279 ser-

427 2304 703 2365 vientem.
764 2306 854 2364 An
887 2313 977 2364 est
1006 2304 1190 2364 ullum
1233 2312 1499 2382 tempus,
1547 2302 1828 2381 quoniam
1872 2301 2109 2381 quidem
2142 2319 2239 2363 res
2267 2303 2329 2362 in
2377 2311 2583 2364 nostra

428 2397 719 2469 potestate
749 2397 869 2463 est,
907 2390 1003 2450 cui
1034 2408 1156 2450 non
1190 2388 1506 2468 ponendae
1536 2406 1713 2449 curae
1744 2397 1804 2447 et
1832 2387 2218 2466 aegritudinis
2248 2406 2422 2449 causa
2454 2407 2584 2450 ser·
2629 2400 2695 2451 25

427 2556 631 2608 iudicio
666 2554 882 2618 fieri—
814 2590 884 2599 —
916 2559 1045 2608 llaec
1080 2559 1237 2623 quasi
1271 2555 1450 2617 officii

426 2625 680 2676 servandi
699 2641 862 2676 causa
879 2625 1180 2676 iudicantes
1199 2642 1233 2675 a
1252 2641 1307 2674 se
1324 2625 1450 2687 fieri

429 2698 694 2759 oportere.

502 2765 545 2813 1.
595 2763 912 2825 humanius,
958 2760 1169 2812 hier—
1104 2784 1171 2804 =
1205 2759 1452 2811 modera-

429 2831 555 2895 tius,
590 2829 694 2893 vgl.
731 2827 786 2879 11.
825 2830 909 2889 27,
945 2831 1028 2880 65.
1228 2830 1239 2843 ”

494 2897 544 2947 3.
579 2899 984 2958 intermiserint,
1024 2911 1066 2946 5.
1102 2909 1167 2944 zu
1206 2897 1255 2958 3,
1292 2897 1339 2948 6.

505 2967 555 3015 4.
610 2965 788 3014 verbis
820 2992 888 3000 —
921 2964 1244 3014 verberibus.
1325 2961 1449 3014 Das-

428 3030 571 3083 selbe
608 3030 890 3096 Wortspiel
938 3030 1054 3083 Ter.
1090 3028 1269 3082 Heaut.
1305 3030 1361 3081 11.
1398 3033 1448 3095 3,

428 3103 552 3152 115:
583 3097 704 3149 Tibi
725 3104 885 3149 erunt
904 3103 1099 3165 parata
1123 3101 1298 3162 verba,
1323 3100 1451 3150 huic

427 3169 634 3219 homini
681 3169 767 3231 (=
813 3169 966 3231 mihi)
1011 3169 1246 3218 verbera.
1328 3165 1447 3232 vgi.

427 3236 562 3289 oben
600 3238 681 3299 19,
717 3238 811 3287 44.
851 3238 1037 3317 opibus
1074 3272 1089 3287 .
1125 3275 1137 3287 .
1175 3238 1309 3301 opis.

494 3308 542 3356 7.
569 3321 656 3354 res
679 3304 942 3355 declarat.
965 3298 1069 3355 ‘die
1095 3302 1259 3355 Sache
1285 3302 1448 3355 selbst

423 3372 526 3438 (die
561 3372 866 3438 Eriahrung)
907 3373 1043 3438 zeigt
1081 3365 1170 3423 es’.

493 3442 541 3496 8.
576 3441 670 3492 ille
699 3439 1073 3493 Terentianus:
1098 3438 1445 3503 MenedemuS‚

423 3508 513 3561 der
548 3510 726 3562 seiuen
754 3507 895 3560 Sohn
930 3523 1023 3559 aus
1054 3508 1249 3559 seinem
1275 3505 1445 3558 Hause

421 3576 688 3695 ggtrieben
703 3575 978 3695 ἣ1ιιίιὶίιιιιιιιὶ
1014 3590 1116 3626 ιιιιιι
1154 3572 1294 3626 Reue
1330 3573 1443 3625 dar-

495 3659 549 3696 er
585 3658 663 3695 em
744 3659 773 3694 u
811 3658 840 3695 e
866 3683 879 3696 .

492 3714 539 3764 9.
572 3659 829 3776 pacatam
862 3711 944 3763 fiir
970 3712 1232 3776 puniens,
1267 3710 1368 3762 wie
1403 3709 1443 3762 1.

422 3782 507 3844 44,
545 3780 659 3833 107.

490 3847 551 3898 id
597 3850 675 3897 est
720 3844 762 3897 ἑ.
811 3863 887 3897 t:
931 3836 1092 3896 ‘deun
1138 3846 1304 3898 nichts
1353 3862 1443 3898 an·

1550 2553 1697 2606 deres
1746 2552 1991 2606 bedentet
2037 2553 2169 2604 doch
2222 2552 2265 2609 ἆ.
2309 2548 2372 2606 ‘a'
2456 2553 2579 2608 Man

1550 2621 1746 2673 konnte
1766 2624 1908 2672 enim
1928 2622 2096 2673 hinter
2120 2622 2181 2671 id
2201 2627 2278 2672 esi
2303 2631 2580 2689 erwarten,

1551 2690 1652 2741 wie
1688 2688 1747 2740 V.
1783 2692 1835 2753 3,
1871 2692 1927 2742 9:
1966 2692 2060 2741 hos
2092 2707 2150 2740 se
2184 2690 2458 2756 appellare
2489 2710 2581 2743 sa-

1543 2759 1787 2825 pientiae
1808 2757 2092 2823 studiosos,
2114 2758 2177 2808 id
2194 2763 2272 2808 est
2295 2762 2436 2810 enim
2454 2762 2582 2825 plli-

1554 2826 1816 2891 Iosophos.
1886 2795 2152 2877 Jedoch’v
2119 2826 2224 2892 vgl.
2260 2827 2296 2878 1.
2333 2829 2416 2890 31,
2456 2832 2539 2882 75.

1627 2897 1706 2946 10.
1742 2895 1988 2947 Decrevi.
2054 2892 2296 2949 Heautml
2312 2899 2381 2958 1,
2401 2867 2473 2949 95
2494 2912 2577 2965 sq.

1622 2964 1701 3015 11.
1737 2978 1854 3013 meo
1890 2961 2131 3027 einsilbig
2165 2978 2230 3013 zu
2266 2963 2424 3018 lesen.

1622 3033 1702 3084 14.
1738 3030 1884 3081 Malo
1920 3034 2017 3081 cet.
2052 3030 2123 3081 ib.
2161 3032 2244 3095 83,

1622 3101 1700 3152 15.
1738 3099 1973 3163 deputat.
2045 3099 2219 3150 Cicero
2257 3099 2437 3150 nimmt
2473 3100 2575 3153 den

1520 3165 1821 3218 .Ausdruck
1862 3166 1954 3218 des
1988 3164 2185 3219 Tereuz
2229 3168 2421 3220 wieder
2456 3169 2576 3231 auf;

1549 3233 1681 3286 denn
1718 3234 1772 3285 in
1808 3234 1899 3286 der
1927 3233 2085 3288 mass,
2111 3233 2271 3287 Prosa
2307 3235 2436 3287 wird
2460 3235 2578 3291 dies

1550 3301 1699 3353 Wort
1734 3302 1876 3354 nicht
1911 3303 2210 3369 gebraucht.

1550 3373 1721 3491 221}
1755 3370 1904 3437 apud
1952 3371 2269 3423 Homerum:
2319 3366 2385 3425 11.
2435 3372 2574 3427 XIX.

1620 3508 1700 3560 19.
1730 3509 1876 3557 omni
1900 3499 2045 3557 luce‘
2057 3501 2292 3573 taglich’3
2330 3507 2576 3561 lacrimis

1546 3575 1759 3637 diurnis
1784 3568 2045 3626 ‘Thranen
2083 3577 2266 3628 eines
2302 3570 2508 3641 Tages’

1613 3643 1696 3694 25.
1744 3644 2020 3706 ponendae
2066 3660 2230 3695 curae
2272 3673 2338 3682 —
2384 3660 2571 3701 causa.

1544 3708 1697 3762 Sinn.
1734 3710 1853 3762 Man
1877 3708 2105 3763 hefindet
2139 3712 2250 3764 sich
2275 3711 2527 3764 niemals
2513 3729 2573 3767 ιιι

1544 3778 1683 3829 einer
1706 3777 1858 3845 Lage,
1896 3778 2121 3832 welcher
2146 3795 2264 3831 man
2288 3780 2397 3832 sich
2423 3781 2572 3834 nicht

1543 3846 1895 3913 anbequemen
1929 3845 2142 3914 konnte,
2177 3863 2263 3900 um
2299 3848 2390 3901 aui
2422 3848 2571 3902 diese
