2834 4317
341 1810 415 1867 13

447 208 530 268 70
1129 208 1319 264 uena
1352 209 1438 266 lv,
1480 212 1558 277 12,
1581 213 1666 266 28.
1704 213 1785 277 13,
1805 213 1888 264 29.
2306 254 2313 261 .
2801 0 2811 397 ἱ

448 401 631 444 nosos
672 380 990 461 quosdam,
1035 383 1320 461 quosdam
1359 382 1757 458 torminosos,
1800 402 1924 445 non
1971 383 2109 462 quia
2148 382 2264 443 iam
2307 382 2457 458 sint,
2497 384 2611 452 ‚sed

450 467 586 545 quia
627 485 820 548 saepe,
865 467 951 528 sic
994 467 1090 528 alii
1132 467 1205 528 ad
1245 478 1469 529 metum
1492 514 1508 543 ‚
1563 468 1660 529 alii
1715 469 1789 529 ad
1845 468 2017 529 aliam
2068 467 2607 547 perturbationem.
2809 528 2810 537 ,

448 551 538 612 Ex
569 570 688 631 quo
721 552 782 612 in
825 552 954 613 aliis
993 558 1289 626 anxietas,
1330 554 1493 614 unde
1528 552 1723 628 anxii,
1765 553 1827 615 in
1859 552 1987 614 aliis
2016 554 2326 614 iracundia
2365 553 2605 630 dicitur,

448 654 601 715 quae
630 637 702 697 ab
734 641 829 700 ira
856 637 1082 711 differt,
1129 646 1335 717 estque
1383 638 1543 700 aliud
1579 638 1931 700 iracundum
1963 656 2125 711 esse,
2167 637 2326 698 aliud
2367 638 2606 711 iratum,

447 729 515 782 ut
556 722 759 782 differt
811 726 1078 784 anxietas
1118 721 1194 782 ab
1237 741 1487 802 προφω
1547 741 1742 802 neque
1786 722 1945 784 enim
1998 740 2210 784 omnes
2252 723 2446 797 anxii,
2503 723 2610 802 qui
2652 736 2683 785 5

446 814 753 885 anguntur
781 806 1117 885 aliquando,
1166 826 1306 883 nec,
1350 807 1454 886 qui
1483 806 1673 883 anxii,
1706 826 1944 888 semper
1972 816 2306 887 anguntur,
2351 816 2419 869 ut
2447 808 2612 870 inter

346 903 352 911 ·
447 890 790 952 ebrietatem
833 900 892 952 et
923 890 1318 953 ebriositatem
1351 892 1628 965 interest,
1675 892 1950 972 aliudque
1981 901 2071 954 est
2100 900 2425 954 amatorem
2455 911 2607 967 esse,

448 975 604 1036 aliud
636 984 954 1038 amantem.
1028 979 1221 1056 Atque
1252 978 1399 1038 haec
1429 977 1679 1039 aliorum
1712 979 1785 1039 ad
1816 978 1962 1040 alios
1989 977 2237 1039 morbos
2264 978 2607 1058 proclivitas

346 1071 404 1123 28
447 1059 562 1120 late
617 1068 803 1140 patet;
861 1079 996 1122 nam
1050 1062 1311 1142 pertinet
1352 1062 1423 1123 ad
1473 1082 1682 1124 omnes
1727 1061 2209 1143 perturbationes
2222 1081 2239 1138 ;
2292 1063 2357 1124 in
2399 1063 2607 1124 multis

449 1144 625 1206 etiam
654 1146 807 1221 vitiis
838 1155 1103 1227 apparet,
1134 1148 1236 1209 sed
1268 1166 1489 1209 nomen
1522 1166 1619 1209 res
1649 1167 1774 1209 non
1807 1148 2002 1209 habet.
2047 1147 2206 1227 Ergo
2238 1155 2300 1207 et
2327 1147 2515 1209 invidi
2547 1156 2608 1208 et
2651 1158 2715 1210 to
2811 1126 2812 1219 1

450 1230 701 1291 malivoli
748 1233 829 1308 [et
869 1231 1047 1309 lividi]
1089 1239 1150 1293 et
1192 1232 1379 1294 timidi
1422 1241 1482 1294 et
1525 1233 1972 1307 misericordes,
2014 1232 2152 1312 quia
2195 1233 2487 1312 proclives
2532 1233 2606 1294 ad
2811 1246 2812 1249 ’

448 1333 545 1376 eas
574 1316 1073 1395 perturbationes,
1105 1336 1229 1378 non
1261 1318 1398 1396 quia
1429 1336 1683 1398 semper,
1714 1319 2011 1380 feruntur.
2065 1317 2228 1379 Haec
2252 1317 2432 1396 igitur
2461 1336 2607 1397 pro-

447 1399 670 1462 clivitas
713 1401 781 1462 ad
825 1420 999 1464 suum
1045 1402 1324 1482 quodque
1368 1422 1561 1483 genus
1603 1421 1634 1463 a
1678 1402 2062 1464 similitudine
2093 1402 2363 1482 corporis
2393 1421 2608 1481 aegro-

449 1485 587 1546 tatio
632 1485 892 1560 dicatur,
942 1487 1085 1547 dum
1129 1505 1198 1548 ea
1242 1487 1619 1567 intellegatur
1659 1488 1730 1549 ad
1776 1488 2201 1567 aegrotandum
2243 1487 2603 1567 proclivitas.

446 1568 563 1631 Sed
604 1570 754 1632 haec
795 1572 853 1632 in
897 1571 1073 1633 bonis
1114 1572 1325 1647 rebus,
1369 1574 1530 1652 quod
1570 1572 1667 1634 alii
1709 1571 1782 1633 ad
1825 1573 1933 1634 alia
1963 1572 2123 1634 bona
2152 1581 2295 1633 sunt
2322 1572 2606 1652 aptioreS‚
2653 1585 2711 1636 15

444 1655 703 1733 facilitas
734 1657 1113 1732 nominetur,
1144 1658 1206 1719 in
1239 1658 1407 1719 malis
1446 1657 1805 1738 proclivitas,
1835 1667 1901 1720 ut
1930 1657 2226 1737 significet
2251 1656 2606 1737 lapsionem,

448 1739 510 1799 in
545 1741 773 1802 neutris
801 1742 1013 1803 habeat
1041 1743 1317 1822 superius
1347 1762 1587 1805 nomen.

622 1824 756 1896 Quo
786 1826 962 1887 modo
995 1836 1192 1889 autem
1222 1828 1284 1889 in
1318 1846 1570 1908 corpore
1601 1835 1693 1889 est
1720 1827 1983 1903 morbus,
2015 1835 2106 1888 est
2134 1826 2479 1905 aegrotatio,
2511 1835 2606 1888 est

343 1901 668 1984 29vitium‚
700 1910 785 1971 sic
816 1911 877 1972 in
910 1911 1129 1973 animo.
1195 1912 1469 1975 Morbum
1501 1913 1802 1993 appellant
1831 1912 2014 1973 totius
2044 1911 2316 1991 corporis
2344 1930 2602 1991 corrup-

445 1992 703 2068 tionem,
750 2001 1194 2075 acyrocationcm
1221 1996 1500 2059 morbum
1544 2016 1683 2060 cum
1712 1996 2136 2071 imbecillitate,
2178 2000 2416 2071 vilium,
2460 2014 2603 2058 cum
2646 2008 2707 2061 2⁰

442 2086 642 2158 partes
672 2082 941 2160 corporis
970 2081 1129 2143 inter
1157 2101 1221 2143 se
1251 2081 1568 2159 dissident,
1616 2102 1690 2144 ex
1719 2101 1840 2161 quo
1869 2081 2125 2161 pravitas
2162 2080 2598 2155 membrorum,

514 2250 561 2300 1.
598 2249 709 2297 iam
734 2239 908 2300 ‘'eben
934 2264 1038 2300 von
1066 2247 1180 2302 dem
1211 2249 1468 2314 jedesmal

444 2313 889 2381 Gegenwiirtigen.
950 2315 1130 2381 (Nunc
1161 2316 1337 2369 wiirde
1373 2333 1470 2369 nur
1570 2317 1793 2383 ziebung
1816 2315 2071 2368 mebrerer
2095 2315 2347 2381 SubJekte
2371 2316 2460 2368 auf
2478 2331 2598 2368 ver·

445 2382 537 2433 auf
579 2381 671 2434 das
718 2382 834 2435 dem
873 2383 1234 2451 Sprecbenden
1269 2385 1470 2451 Gegen-

443 2451 658 2517 wartige
693 2452 898 2517 geben.)

511 2520 560 2570 2.
607 2522 738 2587 quia
769 2536 944 2587 saepe,
991 2523 1099 2588 vgl.
1135 2521 1213 2574 111.
1251 2524 1333 2587 23,
1370 2525 1464 2575 55:

440 2601 552 2637 non
588 2590 717 2654 quia
751 2591 1052 2654 repentina.

512 2659 559 2707 7.
618 2661 946 2720 amatorem,
1008 2672 1112 2708 von
1171 2655 1470 2709 bleibender

443 2721 776 2790 Eigenschast
817 2727 881 2789 (z.
907 2723 967 2776 Β.
1000 2722 1118 2776 Hor.
1154 2724 1317 2791 Epist.
1352 2723 1469 2788 1.1,

445 2792 548 2855 38),
588 2796 856 2842 amantem
879 2806 999 2842 vom
1036 2792 1302 2843 einzelnen
1328 2789 1470 2844 Falle

481 2872 565 2910 esa
608 2864 646 2909 t.

444 2872 479 2924 g
515 2872 646 2978 10g
631 2926 795 2975 vitiis.
867 2923 1005 2976 Uber
1046 2924 1130 2977 die
1164 2923 1471 2994 Bedeutung

441 3006 545 3044 von
582 2994 776 3042 vitium
810 3007 852 3044 s.
885 3007 950 3042 zu
991 2994 1070 3057 13,
1090 2994 1172 3046 29.

512 3061 666 3143 Ergo
691 3088 760 3098 —
775 3030 1161 3127 misericor'des,
1187 3076 1258 3114 sc.
1279 3062 1467 3112 dicun·

447 3133 537 3178 tar
562 3119 757 3179 ‘haben
793 3127 939 3180 ihren
974 3100 1203 3182 Namen'.

517 3198 596 3250 11.
623 3197 893 3262 proclives
925 3224 994 3236 —
1029 3195 1313 3263 feruntur,
1359 3198 1466 3264 vgl.

442 3263 580 3317 Lael.
621 3267 702 3329 12,
740 3268 835 3318 41:
870 3282 982 3330 res,
1029 3282 1166 3333 quae
1200 3268 1469 3332 proclivis

444 3334 517 3384 ad
556 3335 866 3400 perniciem,
904 3349 1024 3385 cum
1068 3335 1228 3386 semel
1277 3338 1467 3400 coepit,

443 3403 672 3465 labitur,
701 3402 895 3467 ,iedoch
924 3400 1086 3454 findet
1109 3403 1219 3454 sich
1253 3402 1308 3453 in
1343 3403 1470 3454 {ilin-

442 3469 603 3523 licber
651 3469 986 3536 Verbindung
1030 3470 1160 3522 auch
1208 3469 1300 3522 das
1333 3469 1468 3522 Adv.

444 3541 570 3590 statt
605 3537 696 3589 des
727 3537 865 3604 Adj„
912 3539 1013 3590 wie
1055 3541 1212 3590 unten
1254 3539 1334 3601 18,
1370 3540 1463 3590 42:

435 3605 672 3668 proclivi
721 3605 1002 3664 labuntur3
1053 3605 1118 3658 (le
1154 3604 1244 3658 fin.
1282 3604 1342 3658 V.
1380 3607 1465 3671 28,

445 3673 539 3723 84:
571 3672 813 3737 proclivi
847 3675 1024 3723 cum-it
1056 3676 1251 3725 oratio.

515 3741 594 3792 12.
649 3738 791 3789 Haec
830 3741 1145 3822 proclivitas
1205 3741 1279 3792 ad
1307 3757 1467 3792 suum

446 3806 691 3872 quodque
718 3821 892 3871 genus
914 3802 1076 3860 diese
1101 3808 1339 3875 Neigung
1374 3809 1466 3862 der

446 3873 716 3926 einzelnen
735 3888 799 3926 zu
820 3874 964 3925 ihren
987 3874 1315 3943 respektiven
1333 3878 1465 3929 Feb-

1570 2245 1715 2301 lern'.
1770 2248 1840 2300 So
1869 2247 2054 2314 wirdq
2021 2250 2245 2316 quisque
2274 2248 2358 2300 bei
2382 2247 2473 2301 der
2494 2247 2601 2300 Be·

1571 2384 1847 2437 schiedene
1905 2382 2067 2450 Dinge
2126 2389 2256 2436 stets
2313 2384 2407 2435 mit
2462 2400 2602 2435 sum

1568 2452 2073 2518 ubereingestimmt;
2126 2451 2232 2517 vgl.
2281 2452 2346 2505 de
2394 2468 2467 2504 or.
2512 2452 2597 2506 111.

1571 2524 1654 2585 57,
1688 2523 1815 2573 216·
1862 2536 1973 2572 vose
2016 2523 2123 2570 cita
2159 2520 2347 2585 tarda,
2392 2536 2600 2585 mag-na

1560 2604 1767 2655 parva,
1821 2604 1956 2654 quas
2002 2593 2179 2639 tamen
2231 2590 2378 2639 inter
2423 2593 2604 2640 omnis

1570 2660 1649 2706 est
1689 2671 1791 2707 suo
1827 2672 2036 2722 quoque
2077 2659 2137 2706 in
2166 2671 2365 2720 genere
2397 2657 2601 2708 medio-

1572 2726 1695 2776 cris.
1765 2722 2019 2790 Ubrigens
2069 2724 2261 2776 weicht
2294 2724 2438 2776 ‹liese
2475 2722 2601 2776 Dar-

1572 2792 1800 2858 stellung
1819 2807 1921 2843 von
1942 2790 2031 2843 der
2043 2789 2263 2844 Theoi-ie
2282 2792 2371 2843 der
2386 2790 2602 2844 Stoiker

1572 2859 1655 2923 ab,
1695 2859 1828 2911 nach
1868 2859 2094 2911 welcher
2129 2859 2219 2911 das
2257 2854 2603 2942 ἀρῥώστημα

1572 2930 1918 3010 (aegrotatio)
1964 2942 2068 2979 von
2106 2926 2195 2978 der
2241 2923 2603 2993 εὐεμπτωσίαι

1573 2994 1698 3048 oder
1722 2990 2094 3076 εὐκαταφορίαι
2127 2997 2483 3062 (proclivitas)
2518 2997 2606 3048 in-

1572 3062 1745 3115 sofern
1770 3062 2106 3115 verschieden
2130 3063 2215 3126 ist,
2240 3064 2357 3116 als
2334 3079 2461 3129 Jene
2484 3079 2597 3116 von

1570 3131 1686 3182 dem
1712 3129 1876 3182 Urteil
1905 3131 2140 3197 ausgeht,
2176 3102 2318 3185 ‹l'iese
2342 3132 2434 3184 auf
2454 3133 2605 3185 einer

1569 3198 1916 3264 Naturanlage
1950 3198 2149 3251 beruht.

1643 3268 1722 3320 16.
1763 3264 2009 3327 facilitas
2035 3260 2294 3351 Aulage',
2336 3265 2606 3333 proclivi-

1570 3339 1654 3386 tas
1679 3326 2049 3400 ς(ἲισιισίςῐΙισίῐ,
2084 3328 2261 3401 Hang'.

1640 3405 1722 3455 17.
1739 3405 1801 3452 in
1818 3407 2042 3454 neutris.
2067 3401 2161 3455 Die
2181 3401 2388 3454 Stoiker
2411 3402 2604 3456 teilten

1570 3470 1723 3522 naml.
1750 3469 1851 3522 alle
1874 3468 2038 3537 Dinge
2072 3471 2294 3554 inte,
2329 3469 2605 3524 schlecbte

1570 3537 1674 3591 und
1709 3538 2061 3605 gleicbgiltige
2097 3530 2153 3601 (²
2173 3535 2433 3667 ιαφορα).

1634 3604 2418 3758 &pa-{agneofflnkhcz‘mtas
2340 3678 2605 3759 aegrota—

1569 3745 1645 3794 tio
1668 3734 1992 3807 ‘Siechtum',
2021 3743 2211 3793 vitium
2231 3712 2604 3798 ‘Gebrechenffi

1638 3812 1720 3863 20.
1764 3814 2010 3862 morbum
2055 3826 2175 3861 cum
2208 3810 2606 3878 imbecillitate,

1570 3892 1611 3928 s.
1649 3880 1697 3942 8,
1738 3879 1799 3930 18
1836 3894 1900 3930 zu
1936 3878 2224 3944 aegritudo
2260 3895 2331 3929 σω
2363 3895 2445 3931 σο.
