2834 4317
28 1160 189 1214 410

26 1593 27 1636 3
124 1589 186 1640 15
230 1577 512 1655 antiquos
561 1566 1012 1659 adsequebatur.

961 211 1152 266 menn
1187 212 1247 265 v.
1286 213 1334 279 2,
1353 215 1403 267 6.
1440 216 1621 280 3‚7.s.
2269 213 2387 273 107

415 384 500 444 Ac
536 384 904 465 philosophia
936 385 1176 465 quidem
1203 393 1437 448 tantum
1468 386 1649 462 abest,
1681 395 1749 448 ut
1777 386 2046 467 proinde,
2078 405 2146 448 ac
2177 386 2250 447 de
2276 387 2388 448 ho·
2435 400 2465 450 6

242 467 473 530 minum
503 479 592 531 est
618 471 733 531 vita
763 471 989 546 merita,
1019 470 1308 547 laudetur,
1339 480 1406 532 ut
1435 490 1469 533 a
1498 472 1796 552 plerisque
1827 472 2096 552 neglecta
2125 490 2159 533 a
2188 471 2390 535 multis

242 554 420 615 etiam
462 555 1260 654 vituperetffljgwffluperare
1305 557 1615 638 quisquam
1661 556 1810 618 vitae
1843 565 2153 637 parentem
2183 566 2245 619 et
2274 558 2387 618 hoc

241 640 560 719 parricidio
590 659 655 702 se
670 637 1004 720 ki‘n‘qumare
1035 642 1212 704 audet
1240 650 1301 704 et
1327 650 1447 703 tam
1476 643 1655 723 impie
1684 643 1952 722 ingratus
1981 662 2128 718 esse,
2161 651 2227 704 ut
2257 661 2390 704 eam

127 736 163 785 5
238 734 508 800 accuset,
553 744 731 806 quam
770 727 961 789 vereri
1004 727 1278 803 deberet,
1310 727 1485 789 etiam
1516 728 1565 789 si
1595 727 1793 790 minus
1821 728 2131 809 percipere
2159 727 2385 808 potuis-

240 807 378 870 set?
422 810 557 886 Sed,
599 819 664 872 ut
685 812 927 892 opinor,
958 812 1055 874 hic
1087 831 1257 874 error
1287 821 1345 875 et
1372 815 1520 875 haec
1551 813 1931 874 indoctorum
1958 813 2170 875 animis
2200 813 2389 875 offusa

238 894 429 975 caligo
461 903 578 971 est,
618 896 778 976 quod
807 905 924 959 tam
956 898 1056 959 lon
1101 917 1135 959 e
1164 898 1654 984 retroresspicere
1684 918 1808 961 non
1840 907 2094 978 possunt
2123 916 2236 960 nec
2266 917 2386 974 eos,

238 998 273 1040 a
315 980 532 1059 quibus
573 982 687 1043 vita
732 983 1042 1044 hominum
1062 918 1373 1045 {distincta
1402 983 1609 1064 primis
1636 984 1743 1058 sit,
1789 982 1971 1046 fuisse
1999 982 2384 1064 philosophos

236 1065 621 1128 arbitrantur.
1096 1117 1106 1146 ι
2166 1113 2170 1118 «

410 1151 599 1222 Quam
644 1170 773 1213 rem
815 1152 1283 1232 antiquissimam
1338 1171 1474 1218 cum
1526 1152 1857 1227 videamus,
1912 1172 2134 1215 nomen
2184 1161 2382 1215 tamen
2419 1137 2458 1193 3

237 1254 370 1297 esse
413 1238 770 1299 confitemur
814 1256 1045 1300 recenS.
1133 1239 1277 1299 Nam
1296 1255 1303 1260 ·
1322 1233 1669 1318 'sapientiam
1718 1237 1955 1317 quidem
2009 1238 2195 1318 ipsam
2250 1239 2384 1317 quis

235 1339 457 1401 negare
477 1331 674 1403 potest
703 1342 826 1384 non
857 1324 1032 1386 modo
1056 1342 1121 1385 re
1145 1341 1273 1385 esse
1302 1324 1624 1403 antiquam,
1656 1321 1861 1385 verum
1892 1324 2066 1385 etiam
2098 1321 2386 1386 nomine?

234 1424 389 1484 quae
432 1407 762 1469 divinarum
805 1409 1318 1488 humanarumque
1363 1417 1777 1554 reffrpfrfftpm
1822 1409 2129 1470 initiorum
2179 1427 2386 1471 causa-

231 1508 490 1571 rumque
522 1495 807 1573 cuiusque
837 1494 925 1555 rei
957 1494 1300 1574 cognitione
1328 1494 1445 1554 hoc
1475 1499 1556 1574 p⁴u
1581 1513 1613 1555 c
1659 1489 1942 1555 eri‘i'mum
1976 1513 2196 1556 nomen
2227 1494 2383 1574 apud

1110 1579 1313 1659 Itaque
1363 1586 1424 1639 et
1448 1578 1595 1662 villos
1640 1588 1870 1659 septem
1916 1576 2042 1664 [qui
2084 1598 2115 1640 a
2148 1579 2383 1641 Graecis

234 1666 479 1745 σοφοί,
534 1664 832 1744 sapientes
874 1684 905 1725 a
939 1665 1156 1726 nostris
1200 1672 1259 1725 et
1297 1663 1674 1726 habebantur
1717 1671 1776 1725 et
1808 1659 2292 1747 nominabantur]
2326 1672 2385 1725 et

229 1746 433 1809 multis
457 1757 595 1810 ante
626 1749 872 1812 saeculis
894 1748 1254 1830 Lycurgum,
1287 1749 1458 1811 cuius
1485 1749 1854 1830 temporibus
1880 1749 2175 1811 Homerus
2205 1750 2383 1830 etiam

230 1832 418 1893 fuisse
448 1841 585 1895 ante
613 1835 769 1895 hanc
798 1834 1007 1896 urbem
1040 1835 1335 1896 conditam
1365 1835 1647 1907 traditur,
1689 1844 1749 1895 et
1778 1835 1891 1896 iam
1930 1835 2187 1896 heroicis
2227 1829 2386 1896 aeta·

230 1916 394 1979 tibus
426 1917 653 1981 Ulixem
686 1928 744 1980 et
774 1920 1086 1981 Nestorem
1117 1920 1455 2000 accepimus
1484 1928 1544 1982 et
1573 1919 1755 1983 fuisse
1784 1928 1846 1981 et
1872 1919 2105 1981 habitos
2133 1938 2262 1981 esse
2291 1939 2384 1981 sa·

24 2019 25 2024 ’
123 2015 184 2067 20
226 2001 470 2081 pientis.
502 2003 624 2065 Nec
650 2023 784 2066 vero
809 2005 1013 2066 Atlans
1034 2004 1330 2067 sustinere
1355 2005 1583 2067 caelum
1612 2024 1725 2067 nec
1747 2004 2136 2067 Prometheus
2160 2005 2385 2066 adfixus

305 2124 350 2175 1.
385 2120 468 2171 Ac
494 2148 564 2159 —-
587 2121 816 2187 quidem,
839 2120 943 2187 vgl.
968 2121 1044 2173 111.
1074 2124 1154 2188 13,
1172 2123 1256 2187 28,

1358 2115 1562 2175 Thales.
1620 2121 1706 2174 Sie
1742 2137 1912 2174 waren
1950 2122 2176 2187 weniger
2212 2120 2386 2173 Philo-

226 2189 344 2242 hier
393 2188 489 2240 mit
539 2188 911 2242 adversativem
957 2188 1107 2250 Sinn;
1157 2206 1256 2256 pa-

1356 2190 1576 2257 sophen,
1611 2189 1690 2242 aLs
1724 2190 1885 2241 weise
1903 2188 2321 2241 -Staatsmannen

224 2262 433 2309 rentem
444 2284 507 2295 -
517 2258 838 2323 parricidio,
861 2258 943 2309 ein
956 2256 1253 2325 Wortspiel.

298 2329 347 2378 4.
383 2328 546 2391 impio
578 2328 853 2391 ingratus,
886 2326 1019 2377 denn
1046 2341 1109 2377 zu
1135 2325 1252 2391 Adj.

224 2392 439 2446 konnen
491 2393 661 2445 ausser
704 2393 1251 2459 Gradbestimmungen

225 2462 363 2514 auch
386 2461 562 2514 solche
587 2462 874 2515 Adverbien
910 2462 1249 2526 hinzutreten,

224 2529 428 2582 welche
452 2531 703 2596 angeben,
739 2530 793 2582 in
821 2530 1073 2582 welchem
1098 2529 1255 2583 Sinne

224 2598 320 2650 das
353 2597 472 2663 Adj.
508 2597 731 2663 Geltung
775 2599 939 2651 haben
975 2598 1091 2651 soll.
1136 2598 1256 2665 Vgl.

225 2667 294 2718 de
314 2681 386 2717 or.
410 2666 487 2718 lu.
509 2668 729 2729 48,184:
752 2670 1050 2718 orationem
1074 2704 1088 2719 .
1114 2704 1128 2719 .
1147 2682 1257 2719 non

223 2736 449 2786 astricte
480 2735 575 2784 sed
612 2737 883 2786 remissius
917 2751 1259 2786 numerosam

225 2818 340 2853 esse
384 2807 652 2868 oportet-eu
700 2804 792 2867 53,
837 2805 961 2856 202:
1010 2805 1259 2855 distincte

228 2874 445 2922 concisa
481 2872 725 2921 brevitas.

299 2939 346 2991 6.
398 2938 572 3000 offuso
617 2939 793 3004 caligo
847 2943 939 2991 est.
1018 2938 1140 2992 Dies
1190 2940 1259 2992 ist

226 3005 313 3058 die
345 3006 701 3073 regelmal'sige
738 3005 1134 3073 Wortstellnng,
1175 3007 1258 3059 bei

228 3074 333 3125 Cic.
359 3088 440 3124 am
464 3074 605 3127 Ende
630 3075 774 3127 eines
798 3074 1000 3137 Satzes;
1026 3091 1101 3137 so,
1128 3077 1176 3139 2,
1202 3077 1256 3128 5:

217 3142 454 3209 petenda
499 3147 762 3195 correctio
797 3147 906 3209 ost,
953 3146 1000 3207 6,
1040 3146 1130 3197 15:
1166 3144 1257 3195 ad-

228 3211 391 3263 ducta
430 3215 668 3276 quaestio
705 3217 799 3277 est,
834 3227 883 3263 u.
921 3228 968 3264 o.

299 3282 347 3330 7.
381 3285 531 3330 retro
554 3282 838 3345 respicere:
877 3280 990 3331 eine
1022 3279 1258 3331 fihnliche

225 3346 563 3413 Verbindung
597 3348 699 3400 wie
745 3347 821 3400 111.
864 3351 943 3413 14,
978 3350 1068 3401 30:
1110 3350 1259 3415 peni-

226 3420 316 3466 tus
353 3421 645 3482 perceptas,

297 3486 379 3535 11.
449 3482 587 3535 Uber
636 3486 956 3549 sapientiam
1009 3498 1049 3535 s.
1103 3499 1167 3535 zu
1224 3481 1260 3535 1.

228 3555 252 3604 1
268 3590 284 3618 ‚
312 3554 356 3603 1.

300 3622 380 3673 13.
441 3619 749 3671 divinarum
797 3622 1262 3684 humanarumque

224 3703 482 3739 rerum-
499 3691 821 3754 cognitione,
845 3688 950 3754 vgl.
969 3686 1053 3739 lv,
1073 3688 1155 3751 26,
1176 3690 1258 3740 57.

300 3758 379 3808 15.
415 3756 605 3822 Itaque
630 3750 759 3808 ‘und
795 3746 887 3809 so'.

294 3824 418 3876 illos
451 3830 680 3891 septem:
716 3824 863 3887 Bias,
901 3823 1074 3889 Chilo,
1117 3822 1262 3875 Cleo-

224 3892 408 3957 bulus,
444 3892 699 3959 Pittacus,
745 3891 1045 3957 Periander,
1083 3889 1263 3961 Solon,

1428 2261 1507 2311 17.
1553 2259 1783 2309 saeculis
1825 2258 1892 2308 ist
1935 2256 2046 2309 hier
2078 2259 2385 2327 εις-γενεαῖς,

1356 2325 1783 2378 Menschenalter.

1422 2394 1682 2445 Homerus
1714 2408 1805 2445 zur
1828 2391 1939 2444 Zeit
1961 2391 2199 2459 Lyknrgs
2217 2421 2282 2431 —
2301 2391 2385 2445 die

1351 2461 1619 2513 Annahme
1663 2461 1830 2526 deret,
1886 2460 1970 2513 die
2020 2460 2109 2512 ihn
2153 2475 2235 2512 am
2269 2461 2388 2527 spi-

1358 2533 1529 2582 testen
1565 2535 1763 2583 setzen:
1799 2528 1904 2594 vgl.
1939 2544 2005 2580 zu
2038 2528 2073 2580 Ι.
2113 2533 2160 2593 1,
2184 2530 2233 2581 3.
2287 2529 2387 2596 Ly-

1357 2598 1492 2664 lmrg
1549 2597 1650 2650 soll
1707 2612 1859 2663 sogar
1922 2598 2018 2648 mit
2067 2596 2253 2649 Homer
2300 2596 2390 2649 auf

1359 2666 1515 2718 Chios
1593 2664 2198 2731 zusammengekommen
2276 2665 2386 2717 sein

1359 2733 1549 2798 (Strab.
1574 2733 1636 2786 X.
1674 2738 1722 2800 4,
1758 2750 1807 2801 p.
1834 2735 1933 2786 678
1962 2732 2151 2798 Mem).
2207 2731 2389 2784 Wahr-

1358 2801 1703 2854 scheinlicher
1737 2804 1805 2854 ist
1837 2802 1922 2853 die
1957 2800 2239 2865 Tradition,
2274 2800 2387 2853 dats

1361 2870 1573 2938 Lykurg
1607 2876 1779 2924 zuerst
1796 2870 1878 2923 die
1901 2869 2267 2922 Homerischen
2291 2869 2389 2921 Ge-

1361 2938 1533 2992 dichte
1552 2938 1678 2991 nach
1700 2939 1816 2991 dem
1836 2938 2026 3005 griech.
2046 2935 2388 2990 Mutterlande

1361 3008 1608 3074 gebracht
1642 3008 1790 3059 habe.

1433 3077 1512 3128 18.
1546 3074 1732 3138 fuisse,
1766 3091 1808 3128 s.
1842 3074 1878 3127 l.
1907 3078 1988 3140 16,
2015 3076 2083 3128 38
2119 3090 2184 3126 zu
2219 3074 2344 3136 fuit.

1435 3146 1512 3196 19.
1549 3149 1603 3194 ot
1635 3142 1805 3204 fuisse
1840 3148 1893 3194 ot
1926 3145 2133 3196 habitos
2167 3159 2275 3194 esso
2308 3158 2392 3193 sa·

1357 3214 1557 3278 pienti-r
1599 3211 1899 3264 bezeichnet
1951 3211 2034 3264 die
2085 3210 2390 3276 allgemeine

1360 3278 1745 3342 Anerkennung
1797 3278 1876 3331 als
1927 3281 2043 3331 eine
2101 3278 2389 3330 verdiente:

1352 3340 1492 3400 ‘dass
1510 3347 1586 3400 sie
1598 3347 1689 3399 mit
1713 3347 1875 3400 Recht
1893 3348 1969 3399 als
1989 3345 2163 3398 Weise
2182 3339 2387 3411 galten?

1432 3419 1515 3468 20.
1561 3415 1673 3468 Neo
1696 3432 1821 3468 vero
1845 3416 2042 3466 Atlans
2082 3418 2182 3465 cet.
2237 3412 2389 3465 Sinn:

1362 3485 1507 3536 Auch
1543 3484 1691 3536 Atlas
1735 3488 1831 3536 cet.
1878 3482 2175 3535 verdienten
2214 3480 2391 3533 Weise

1363 3568 1431 3603 zu
1466 3551 1692 3614 heitsen3
1740 3553 1864 3604 aber
1909 3551 1993 3602 die
2027 3549 2265 3615 Neigung
2298 3549 2390 3601 des

1359 3619 1647 3672 Altertums
1691 3636 1781 3671 zur
1824 3617 2256 3687 Mythenbildung
2304 3617 2391 3669 hat

1363 3688 1476 3740 dies
1512 3704 1535 3739 s
1577 3687 1826 3740 mbolisch
1868 3685 2236 3753 ausgedrtmkt:
2283 3687 2391 3737 At·

1362 3756 1490 3821 las,
1566 3756 1667 3808 ohn
1706 3756 1796 3808 des
1829 3755 2050 3822 Iapetus,
2085 3754 2253 3820 Konig
2287 3769 2391 3805 von

1363 3823 1719 3889 Mauritanien,
1763 3823 1924 3875 durch
1957 3822 2175 3875 Perseus
2209 3823 2263 3874 in
2299 3821 2391 3875 das

1360 3892 1740 3959 gleichnamige
1767 3892 2001 3957 Gebirge,
2039 3889 2264 3943 welches
2298 3890 2389 3943 das
