2834 4317
983 153 1171 207 LIBER
1204 153 1267 209 v,
1311 145 1388 222 17,
1407 159 1488 215 49.
1511 160 1592 210 50.
2262 156 2382 216 129

174 359 197 390 s
243 333 557 401 constans,
590 324 718 386 sine
748 332 943 400 metu,
975 325 1104 387 sine
1134 327 1531 405 aegritudine,
1578 328 1705 389 sine
1736 328 2032 390 alacritate
2061 330 2210 404 ulla,
2256 331 2383 392 sine

178 481 183 487 ‚
242 410 487 473 libidine
536 429 738 471 nonne
784 408 1033 471 beatus?
1075 412 1150 472 At
1189 431 1427 492 semper
1473 413 1708 492 sapiens
1737 413 1866 475 talis
1881 434 1898 490 ;
1942 433 2177 494 semper
2205 415 2385 495 igitur

136 1104 197 1154 10

240 496 468 562 beatus.
515 496 633 557 Iam
665 513 805 555 vero
838 496 939 575 qui
970 504 1166 575 potest
1193 498 1282 558 vir
1313 497 1509 560 bonus
1540 517 1659 558 non
1694 499 1767 559 ad
1795 498 1872 574 id,
1906 500 2061 579 quod
2093 499 2382 561 laudabile

238 582 331 655 sit,
367 582 563 642 omnia
590 581 836 655 referre,
869 600 1019 660 quae
1049 582 1167 660 agit
1201 601 1472 662 quaeque
1501 581 1720 645 sentit?
1748 584 1933 645 refert
1959 593 2157 654 autem¹
2186 587 2383 647 omnia

236 668 305 728 ad
359 666 528 728 beate
571 666 912 741 vivendum;
953 665 1123 727 beata
1168 668 1348 746 igitur
1388 668 1504 728 vita
1541 667 1879 743 laudabilis3
1924 688 2037 730 nec
2067 671 2382 754 quicquam

236 752 367 813 sine
395 752 612 813 virtute
644 750 962 827 laudabile;
994 750 1164 813 beata
1196 753 1376 831 igitur
1404 752 1518 814 vita
1548 754 1758 815 virtute
1789 755 2121 816 conficitur.

411 837 603 916 Atque
642 837 758 897 hoc
804 837 888 898 sic
921 837 1095 897 etiam
1126 837 1535 899 concluditur:
1577 839 1699 900 Nec
1730 839 1790 899 in
1822 840 2032 901 misera
2064 841 2178 901 vita
2210 841 2376 920 quic·
2417 822 2487 876 17

240 940 419 1000 quam
450 930 540 984 est
568 921 960 1002 praedicabile
997 931 1099 984 aut
1143 923 1515 1003 gloriandum
1563 924 1764 985 necin
1807 944 1904 999 ea,
1946 944 2094 1006 quae
2127 944 2239 986 nec
2271 925 2380 985 mi·
2427 902 2485 952 49

238 1025 370 1068 sera
414 1007 488 1068 sit
530 1026 642 1067 nec
682 1006 872 1067 beata.
939 1006 1014 1068 Et
1056 1017 1142 1069 est
1191 1008 1252 1069 in
1285 1008 1478 1088 aliqua
1508 1010 1624 1069 vita
1653 1009 2045 1088 praedicabile
2077 1010 2292 1089 aliquid
2326 1020 2384 1072 et

242 1092 611 1170 gloriandum
646 1110 713 1153 ac
741 1110 883 1172 prae
913 1111 977 1153 se
1008 1093 1338 1167 ferendum,
1369 1102 1438 1155 ut
1466 1094 1937 1174 Epaminondas:

479 1197 482 1199 ’
562 1177 830 1240 Consiliis
856 1183 1072 1240 nostris
1103 1178 1230 1239 laus
1260 1189 1338 1241 est
1369 1187 1597 1240 attonsa
1620 1177 1926 1251 Laconum,

236 1269 304 1321 ut
332 1262 671 1323 Africanus:

409 1347 456 1407 Α
486 1347 602 1408 sole
630 1351 925 1408 emoriente
951 1366 1128 1427 supra
1161 1347 1404 1410 Maeotis
1425 1348 1667 1428 paludes

538 1432 717 1494 Nemo
748 1441 827 1492 est
857 1435 958 1512 qui
985 1434 1155 1511 factis
1186 1437 1555 1513 aequiperare
1582 1442 1765 1514 queat.

158 1528 184 1574 .·
236 1515 408 1586 Quod
453 1516 502 1577 si
546 1526 666 1591 est,
712 1517 880 1578 beata
924 1518 1037 1578 vita
1091 1517 1395 1598 glorianda
1428 1526 1486 1578 et
1513 1517 1905 1598 praedicanda
1938 1526 1997 1578 et
2026 1535 2166 1597 prae
2197 1537 2259 1579 se
2292 1518 2375 1578 fe·
2420 1530 2479 1580 50

235 1600 422 1662 renda
466 1611 585 1678 est3
629 1603 776 1664 nihil
820 1610 909 1664 est
951 1602 1110 1663 enim
1157 1602 1314 1663 aliud
1362 1604 1521 1682 quod
1566 1602 2022 1683 praedicandum
2054 1613 2113 1664 et
2140 1621 2284 1682 prae
2314 1623 2377 1664 se

234 1686 546 1747 ferendum
598 1687 690 1748 sit.
781 1686 1010 1758 Quibus
1043 1688 1249 1767 positis
1292 1687 1585 1767 intellegis
1629 1688 1767 1767 quid
1798 1696 2080 1766 sequatur
2094 1706 2111 1761 ;
2158 1696 2217 1749 et
2246 1689 2378 1768 qui-

237 1770 391 1846 dem,
425 1771 537 1833 nisi
569 1791 635 1834 ea
666 1772 780 1834 vita
810 1771 977 1833 beata
1009 1782 1116 1848 est,
1146 1791 1298 1852 quae
1329 1781 1418 1834 est
1449 1775 1653 1835 eadem
1682 1774 1948 1846 honesta,
1981 1773 2058 1834 sit
2085 1773 2240 1835 aliud
2274 1793 2379 1834 ne-

181 1897 187 1902 >
235 1873 399 1917 cesse
431 1865 520 1918 est
548 1858 757 1919 melius
786 1858 899 1918 vita
928 1858 1097 1919 beata
1114 1877 1131 1934 ;
1180 1858 1338 1937 quod
1370 1859 1483 1919 erit
1513 1858 1671 1919 enim
1700 1859 2017 1919 honestum
2035 1904 2051 1932 ,
2100 1866 2262 1920 certe
2291 1860 2379 1918 fa-

233 1940 523 2003 tebuntur
546 1961 673 2004 esse
704 1943 934 2005 melius.
981 1943 1065 2004 Ita
1098 1944 1207 2004 erit
1235 1943 1402 2004 beata
1432 1944 1545 2005 vita
1575 1944 1786 2005 melius
1817 1943 2055 2022 aliquid,
2089 1963 2205 2023 quo
2238 1945 2375 2023 quid

232 2036 429 2104 potest
472 2028 586 2088 dici
630 2026 1008 2108 perversius?
1051 2026 1248 2099 Quid?
1293 2047 1429 2091 cum
1475 2029 1735 2090 fatentur
1775 2029 1916 2090 satis
1951 2046 2220 2107 magnam
2264 2029 2378 2089 vim

234 2129 361 2172 esse
385 2113 445 2173 in
472 2113 624 2174 vitiis
651 2113 721 2174 ad
759 2114 1039 2174 miseram
1073 2114 1267 2188 vitam,
1301 2132 1506 2174 nonne
1535 2113 1838 2174 fatendum
1869 2123 1959 2175 est
1987 2113 2234 2174 eandem
2263 2114 2380 2174 vim

234 2195 296 2255 in
340 2197 554 2259 virtute
599 2216 727 2260 esse
770 2198 841 2259 ad
883 2197 1111 2260 beatam
1141 2196 1362 2259 vitam?
1409 2198 1858 2259 Contrariorum
1892 2198 2052 2258 enim
2083 2199 2380 2279 contraria

305 2335 353 2383 1.
389 2332 676 2383 alacritate
698 2332 808 2385 hier
845 2333 896 2384 in
932 2332 1116 2384 malam
1143 2347 1258 2398 par-

236 2403 338 2449 tem
383 2403 468 2463 (==
514 2395 742 2465 ἡδονή
795 2401 879 2452 bei
932 2402 1031 2453 den
1081 2400 1258 2454 Stoi-

233 2466 441 2532 kern),
473 2468 646 2520 wofiir
667 2469 736 2519 im
775 2471 823 2521 4.
847 2468 1022 2522 Buche
1047 2470 1256 2521 laetitia

226 2538 489 2599 gestiens,
535 2566 600 2573 -—
638 2538 929 2601 exsultans,
963 2566 1033 2575 —
1067 2540 1256 2603 nimia,

232 2604 366 2654 auch
416 2604 624 2656 laetitia
670 2605 849 2666 allein‚
904 2604 1028 2657 oder
1074 2608 1256 2657 inanis

231 2699 329 2733 —,
366 2673 598 2723 insolens
637 2702 725 2738 —,
760 2672 1256 2736 futtilis-alamitas

230 2739 515 2804 gebraucht
552 2756 739 2794 waren.

302 2808 350 2858 3.
387 2808 503 2858 Iam
536 2825 661 2860 vero
698 2814 796 2863 cet.
867 2808 1015 2861 Sinn:
1056 2808 1130 2860 Da
1166 2808 1255 2860 der

233 2873 408 2927 Weise
466 2876 629 2929 selbst
682 2893 767 2929 um
821 2878 989 2929 seiner
1037 2875 1254 2943 Tugend

232 2942 410 2995 willen
445 2950 575 2998 stets
602 2945 891 3011 glfickselig
914 2945 999 3008 ist,
1036 2960 1093 2997 so
1119 2947 1254 2997 murs

231 3025 288 3061 es
335 3012 465 3064 auch
511 3013 621 3064 sein
659 3014 827 3065 Leben
875 3013 984 3065 sein
1029 3013 1133 3064 und
1171 3012 1252 3065 die

233 3076 639 3147 Glfickseligkeit
662 3080 934 3133 desselben
961 3081 1071 3132 also
1090 3080 1252 3148 ledig-

233 3146 332 3196 lich
368 3162 470 3200 von
508 3150 600 3201 der
635 3148 850 3216 Tugend
884 3148 1172 3215 abhangen.

302 3215 349 3266 9.
384 3217 462 3267 Et
491 3242 559 3262 ==
595 3221 765 3287 atqui,
801 3232 843 3269 s,
880 3233 943 3268 zu
977 3216 1053 3269 111.
1080 3221 1129 3282 7,
1159 3220 1250 3271 15:

232 3287 285 3332 et
315 3288 592 3350 sapientis,

301 3357 380 3402 est
418 3381 483 3390 —
516 3353 869 3417 gloriandum
915 3352 1036 3417 (und
1083 3351 1116 3418 ᾖ
1161 3356 1251 3405 50:

233 3419 387 3470 beata
422 3423 535 3472 vita
560 3422 855 3486 glorianda
880 3423 997 3485 est);
1036 3436 1075 3473 s,
1100 3419 1176 3472 111.
1204 3424 1251 3486 7,

239 3490 299 3539 15
336 3503 401 3538 zu
437 3490 509 3541 ad
540 3506 734 3541 munus
768 3487 1120 3555 fungendum.

230 3622 262 3672 b
300 3558 359 3637 in
396 3558 583 3624 aliqua
620 3561 732 3609 vita
764 3557 835 3609 ‘in
870 3558 1137 3609 manahem
1161 3556 1253 3609 Le-

265 3639 327 3675 en
358 3662 372 3675 .

300 3694 380 3745 11.
421 3693 671 3746 Consiliis
699 3698 796 3745 cet.
865 3693 1008 3746 Nach
1033 3692 1252 3746 Pausan.

229 3757 312 3811 IX.
354 3764 433 3825 15,
470 3765 504 3814 4
535 3762 645 3826 (der
679 3762 770 3814 das
794 3761 1085 3830 Epigramm
1120 3762 1253 3814 voll-

227 3828 434 3894 stiindig
469 3830 639 3896 gicht:
685 3824 994 3898 Ἡμετέραιε
1033 3823 1253 3897 βουῖαἷς

334 3928 493 3973 Cleero
521 3930 706 3974 Tuscul.
735 3930 792 3974 11.
839 3933 879 3974 8.
908 3932 1019 3973 Αυη.

1342 3013 1465 3063 'sole
1501 3016 1790 3064 exoriente.

1359 2332 1592 2397 Σπάρτη
1626 2333 1729 2397 μὲν
1764 2332 2007 2399 ἐκείρατο
2027 2326 2247 2397 ηδόξαν).

1431 2403 1508 2454 12.
1545 2400 1861 2463 Africanus,
1898 2399 1987 2451 der
2015 2400 2205 2451 Altere.
2277 2398 2376 2451 Das

1357 2467 1625 2520 Distichon
1671 2468 1739 2519 ist
1784 2483 1884 2518 von
1930 2467 2123 2519 Ennius
2169 2467 2271 2519 und
2321 2482 2376 2518 es

1358 2536 1574 2601 gehorte
1621 2536 1752 2587 dazu
1807 2534 2229 2588 wahrscheinlich
2286 2535 2376 2586 das

1357 2620 1462 2655 von
1498 2603 1693 2657 Seneca
1729 2604 1898 2670 (epist.
1935 2602 2103 2655 XVIII.
2142 2605 2191 2668 5)
2229 2604 2378 2655 iiber-

1355 2672 1584 2724 lieferte:
1635 2672 1699 2724 Si
1738 2670 1829 2731 fas
1864 2672 1998 2722 endo
2031 2672 2225 2737 plagas
2260 2688 2377 2722 eae·

1359 2741 1549 2792 lestum
1573 2741 1855 2791 ascendere
1884 2742 2134 2806 cuiquam
2169 2742 2261 2801 est,
2296 2738 2378 2789 Mi

1355 2809 1461 2859 soli
1496 2808 1631 2860 caeli
1661 2810 1904 2859 maxima
1936 2813 2097 2874 porta
2124 2811 2294 2873 patet.

1429 2880 1509 2930 13.
1543 2893 1711 2943 supra
1745 2876 1997 2941 (jenseits)
2030 2904 2099 2915 —-
2136 2876 2376 2942 paludes,

1357 2944 1449 2996 auf
1493 2945 1574 2996 die
1612 2944 1772 3011 Frage
1799 2939 1970 2995 ‘wo‘l'
2010 2944 2196 2996 Zusatz
2241 2960 2306 2995 zu
2342 2961 2375 2995 a

1845 3012 2066 3063 Maeotis
2094 3011 2175 3063 ffir
2199 3011 2377 3062 Maeo-

1356 3081 1510 3142 tidis;
1557 3081 1659 3148 vgl.
1696 3081 1761 3132 de
1794 3080 1893 3146 leg.
1933 3095 2036 3145 agr.
2072 3080 2128 3131 11.
2169 3083 2247 3142 19,
2285 3082 2375 3133 52:

1355 3148 1586 3208 Maeote3
1624 3148 1714 3200 das
1748 3165 1775 3199 s
1810 3150 1910 3200 wie
1945 3149 1981 3199 I.
2018 3151 2066 3213 5,
2103 3151 2163 3200 10
2199 3148 2251 3198 in
2290 3148 2374 3199 Si-

1352 3218 1569 3284 syphus.

1429 3288 1507 3338 14.
1545 3288 1896 3351 aequiperare
1930 3282 2032 3347 (ein
2068 3297 2171 3333 von
2198 3281 2373 3333 Cicero

1355 3353 1521 3405 selbst
1538 3354 1680 3405 nicht
1698 3351 2033 3419 gebrauchtes
2053 3349 2237 3413 Wort),
2262 3349 2374 3401 scil.

1353 3437 1453 3472 me.
1851 3468 1853 3470 ,

1428 3493 1507 3542 17.
1544 3493 1598 3540 et
1631 3488 1842 3554 quidem
1888 3484 2189 3537 bezeichnet
2231 3484 2374 3536 nicht

1356 3558 1522 3610 selten
1557 3582 1623 3602 ==
1658 3560 1817 3622 atque
1859 3554 1957 3607 den
1991 3540 2267 3619 Ubergang
2309 3568 2375 3606 zu

1355 3626 1522 3678 einem
1582 3625 1761 3676 weiter
1822 3621 2195 3674 ausfuhrenden
2251 3620 2374 3673 oder

1354 3692 1708 3746 erlauternden
1743 3690 1986 3752 Moment‚
2022 3689 2122 3741 wie
2158 3705 2202 3743 z.
2240 3687 2299 3740 B.
2336 3687 2372 3742 1.

1356 3764 1438 3824 34,
1465 3762 1558 3821 833
1590 3759 1669 3812 111.
1707 3761 1788 3824 21,
1814 3763 1905 3820 503
1948 3756 2005 3812 V.
2043 3759 2127 3822 32,
2151 3759 2217 3810 92
2253 3773 2300 3808 u.
2326 3771 2372 3809 a.

1425 3832 1505 3883 23.
1533 3832 1947 3880 contrariorum.
1993 3825 2113 3877 Dafs
2139 3839 2230 3876 aus
2250 3824 2373 3875 Ent-

1932 3914 1963 3964 9
