2834 4317
138 712 169 761 5

110 1137 168 1186 10

116 1562 172 1612 15

974 187 1165 240 LIBER
1198 187 1280 242 lv,
1321 191 1404 255 32,
1423 190 1504 242 68.
1523 192 1608 243 69.

406 358 597 431 Quam
628 361 775 422 haec
801 359 1047 441 pulchra
1076 369 1265 441 putet,
1297 361 1426 441 ipse
1456 361 1568 422 iam
1601 359 1787 421 dicet:
1879 405 1882 410 -

482 447 490 454 ”
887 445 1209 508 Fortunam
1236 450 1422 526 ipsam
1449 446 1673 508 anteibo
1705 447 1964 524 fortunis
1991 448 2147 507 meis.

400 530 563 592 Haec
603 530 818 592 laetitia
855 548 1030 609 quam
1060 531 1255 611 turpis
1285 532 1389 605 sit,
1431 532 1571 593 satis
1600 540 1690 593 est
1720 531 2032 610 diligenter
2058 531 2370 593 attenden-

224 624 347 677 tem
389 615 631 696 penitus
671 614 889 677 videre.
972 615 1051 677 Et
1080 627 1146 679 ut
1183 625 1390 696 turpes
1419 628 1591 692 sunt,
1638 616 1741 695 qui
1771 617 2031 678 efferunt
2059 635 2123 678 se
2151 616 2368 679 laetitia

218 712 383 776 tum,
429 718 566 761 cum
596 703 882 763 fruuntur
908 700 1179 763 Veneriis
1205 701 1607 782 voluptatibus
1626 746 1641 774 ‚
1673 701 1758 763 sic
1789 701 2091 782 flagitiosi,
2138 702 2240 782 qui
2271 721 2369 763 eas

218 786 587 847 inflammato
633 787 830 848 animo
873 787 1329 865 concupiscunt.
1418 788 1605 848 Totus
1647 804 1786 847 vero
1839 786 1983 862 iste,
2041 788 2143 866 qui
2198 788 2368 867 volgo

219 870 558 952 appellatur
599 889 765 934 amor
798 905 874 916 —
909 890 1021 933 nec
1065 872 1307 933 hercule
1343 872 1582 933 invenio
1616 890 1734 951 quo
1767 872 2010 933 nomine
2039 872 2153 934 alio
2184 873 2371 953 possit

218 956 508 1037 appellari
545 990 660 1031 -,
702 965 900 1018 tantae
945 956 1190 1019 levitatis
1232 966 1354 1032 est,
1396 966 1464 1018 ut
1494 957 1641 1019 nihil
1670 958 1920 1033 videam,
1966 958 2123 1036 quod
2166 966 2369 1039 putem

218 1041 688 1118 conferendum;
730 1059 907 1122 quem
940 1042 1224 1104 Caecilius

1028 1129 1193 1189 deum
1225 1129 1327 1209 qui
1351 1146 1473 1211 nort
1500 1130 1789 1189 summum
1813 1137 1993 1208 putet,

316 1211 430 1273 Aut
460 1210 702 1273 stultum
732 1221 833 1272 aut
862 1229 1063 1274 rerum
1093 1231 1206 1274 esse
1234 1216 1548 1293 inperitum
1579 1211 1919 1273 existumat:

321 1296 501 1358 Cuius
532 1302 593 1358 iu
622 1315 804 1357 mauu
832 1301 925 1368 sit,
956 1316 1120 1377 quem
1150 1299 1264 1358 e'sse
1294 1298 1602 1359 dementem
1635 1296 1788 1371 velit,

314 1380 496 1453 Quem
524 1385 738 1461 sapere,
770 1401 933 1461 quem
961 1386 1179 1455 sanari,
1211 1401 1374 1463 quem
1403 1386 1468 1444 in
1496 1382 1760 1444 morbum
1791 1385 1948 1456 inici,

323 1550 508 1623 Quem
538 1554 740 1613 contra
770 1555 978 1623 amari,
1010 1572 1174 1633 quem
1203 1555 1408 1634 impeti,
1440 1565 1604 1634 quem
1636 1553 1927 1614 arcessier.

220 1636 271 1698 Ο
319 1625 682 1717 praeclaram
713 1636 1167 1700 emendatricem
1200 1639 1348 1700 vitae
1377 1638 1702 1718 poeticam!
1752 1655 1902 1717 quae
1932 1648 2222 1711 amorem,
2265 1637 2369 1696 fla-

219 1721 353 1800 gitii
404 1730 464 1783 et
515 1721 763 1783 levitatis
812 1732 1149 1798 auctorem,
1211 1724 1271 1785 in
1325 1722 1583 1785 concilio
1635 1724 1881 1785 deorum
1938 1720 2368 1783 conlocandum

218 1816 410 1887 putet.
478 1807 564 1868 De
609 1807 909 1868 comoedia
952 1808 1196 1888 loquor,
1241 1827 1424 1889 quae,
1467 1808 1518 1870 si
1560 1810 1708 1870 haec
1752 1791 1968 1887 flagitia
2000 1826 2121 1868 non
2153 1806 2370 1886 proba-

216 1910 454 1967 1·emu8‚
496 1892 656 1953 nulla
700 1900 854 1954 esset
897 1894 1163 1955 omnino.
1231 1894 1385 1967 Quid
1417 1894 1498 1955 ait
1528 1912 1600 1955 ex
1630 1894 1932 1973 tragoedia
1960 1892 2244 1972 princeps
2273 1891 2371 1953 ille

218 1978 700 2058 Argonautarum
714 1974 745 2038 ἱ)

286 2164 337 2214 2.
371 2161 675 2214 Fortunam
709 2166 825 2229 cet„
860 2163 955 2215 mit
980 2163 1118 2215 Mihi
1145 2167 1244 2216 cet.

1413 2156 1448 2229 ἢ
1495 2160 1678 2216 σκαιός
1711 2163 1886 2226 ἐστιν,
1932 2154 1967 2226 ἢ
2000 2159 2188 2228 καλῶν
2222 2155 2371 2213 ἄπει·

215 2230 324 2281 ein
360 2228 492 2282 Vers
540 2233 672 2294 (was
718 2231 850 2283 auch
897 2232 949 2284 in
997 2235 1110 2282 iam
1142 2230 1246 2283 ‘so-
1903 2225 1928 2244 ’¹

1759 2245 1849 2298 ρος
1881 2248 1964 2281 ων

215 2290 1246 2429 {2553’1352322322223302-aare

213 2433 327 2500 vgl.
357 2381 529 2486 Pfaut.
565 2432 717 2487 Most.
752 2435 809 2489 11.
840 2439 885 2502 1,
921 2438 980 2489 4:
1016 2385 1115 2487 ἔθα
1150 2386 1246 2488 ἕα-

216 2502 304 2553 lus
342 2504 498 2587 nobis·
528 2503 696 2553 saluti
730 2506 841 2587 iam
876 2521 984 2555 esse
1009 2508 1204 2570 potest.

214 2573 356 2721 ..3,
378 2571 1245 2723 ἴῶΐᾳῖἶῶιέἕῖἒὲῐεέἑὲξῗὲἰ

218 2712 353 2827 tub?
352 2707 492 2826 nsit?
497 2707 797 2840 1ῗέἕέοέ
800 2708 1174 2829 “fgfeffi’oeck
1181 2790 1245 2828 en

218 2842 331 2894 sich
367 2841 451 2895 die
486 2844 581 2895 mit
617 2842 850 2896 Schande
886 2834 983 2897 —'.

184 2921 190 2927 ’
288 2914 338 2962 7.
384 2926 490 2977 quo
530 2914 746 2963 nomine
780 2913 908 2964 alio.
975 2911 1067 2965 Die
1104 2911 1245 2965 Gric-

219 2978 350 3031 chen
404 2979 570 3032 haben
632 2979 762 3031 zwei
814 2979 1046 3033 Worten
1108 2981 1136 3030 ἐ
1171 2979 1243 3031 ἄν

217 3045 321 3099 und
369 3048 509 3117 ἔρως
554 3063 658 3099 von
706 3047 1011 3112 sinulicher‚
1066 3069 1129 3116 φι
1186 3050 1244 3100 ἵν

217 3114 324 3167 und
360 3111 515 3184 φιλία
547 3131 652 3168 von
689 3117 935 3183 geistiger
966 3115 1136 3172 Liebe.

291 3187 340 3236 9.
389 3183 650 3235 Caecilius
721 3199 762 3237 s,
798 3200 863 3236 zu
915 3184 990 3237 111.
1029 3186 1113 3251 23,
1149 3188 1244 3248 563

220 3266 377 3317 quem
410 3252 480 3303 ist
513 3252 608 3303 mit
641 3222 757 3304 dem
794 3252 1070 3318 folgenden
1095 3254 1245 3307 Rela-

220 3320 473 3385 tivsatze,
531 3320 791 3372 Caecilius
826 3321 920 3372 mit
953 3326 1244 3374 existumat

219 3402 283 3439 zu
318 3387 617 3442 verbinden.
664 3388 718 3440 ln
755 3388 1023 3441 Caecilius'
1049 3389 1244 3444 Stficke

220 3455 355 3507 hiere
393 3470 449 3507 es
484 3456 877 3509 unzweil'elhast
912 3461 1194 3513 existumo.

292 3526 371 3577 10.
397 3523 554 3575 deum
574 3528 668 3590 qui
685 3530 782 3577 cet.
817 3525 869 3577 ln
889 3525 1061 3592 Eurip.
1080 3523 1244 3599 Αὗγὴ

220 3590 354 3643 hiere
390 3607 447 3645 es
481 3593 682 3659 (fragm.
721 3596 814 3646 271
843 3593 1068 3660 Nauck):

283 3656 502 3730 Ἔρωτα
537 3656 594 3711 δ’
635 3654 786 3713 ὅστις
813 3659 889 3729 μὴ
912 3659 1052 3715 θεὸν
1074 3667 1247 3731 κρίνει

291 3798 382 3848 καὶ
446 3795 568 3849 τῶν
627 3748 905 3883 ’ξιῖξῖτων
962 3793 1249 3864 δαιμόνων

630 3883 954 3934 υπερτατον,

1415 2294 1513 2351 οὐκ
1559 2294 1674 2351 σῖὃε
1706 2295 1812 2350 τὸν
1856 2300 2114 2367 μέγιστον
2143 2290 2368 2362 ἀνθρώ·

1760 2380 1881 2419 πως
1917 2360 2071 2418 θεόν.

1348 2435 1440 2489 lhn
1477 2435 1648 2486 ahmte
1682 2431 1959 2485 Menander
1991 2432 2139 2496 nach,
2182 2432 2366 2484 dessen

1349 2502 1513 2555 Stfick
1556 2502 1658 2564 (die
1694 2499 2132 2571 Συναριστῶσαι)
2169 2500 2367 2552 Statius

1347 2570 1601 2623 Caecilius
1634 2570 1974 2622 ubersetzte„

1418 2641 1498 2693 12.
1538 2637 1705 2690 Cuius
1735 2641 1796 2688 in
1828 2653 1996 2688 manu
2029 2640 2117 2702 sit,
2155 2637 2372 2702 erganze

1346 2723 1467 2758 eum
1508 2707 1796 2757 dementem
1840 2704 2050 2768 facer-03
2096 2707 2251 2756 cuius
2296 2704 2367 2756 ist

1348 2774 1589 2840 einsilbig
1625 2790 1686 2827 zu
1724 2774 1884 2826 lesen.

1423 2846 1502 2896 15.
1556 2843 1721 2907 Quem
1775 2847 1965 2895 contra
2016 2847 2117 2895 cet.
2203 2840 2372 2893 Davor

1348 2912 1549 2964 scheint
1607 2911 1689 2962 ein
1744 2909 1872 2963 Vers
1934 2910 2251 2977 ausgefallen
2306 2925 2369 2962 zu

1346 2981 1485 3042 sein3
1539 2979 1671 3031 nach
1722 2978 1943 3047 Bentley
1988 2985 2147 3032 etwa:
2205 2978 2369 3043 Quem

1346 3049 1471 3100 odio
1516 3046 1639 3106 esse,
1691 3064 1846 3114 quem
1882 3046 2164 3114 contemni,
2217 3062 2369 3114 quem

1346 3114 1569 3167 excludi
1598 3113 1768 3176 foras.
1800 3146 1871 3154 —
1903 3120 2181 3182 arcessier,
2227 3131 2299 3169 sc.
2335 3133 2369 3167 a

1338 3184 1542 3251 puella.

1397 3295 1400 3300 .
1424 3255 1503 3305 16.
1538 3252 1580 3303 0
1595 3253 1938 3318 praeclaram
1962 3252 2368 3304 emendatricem

1348 3325 1465 3383 cet„
1503 3320 1601 3373 wie
1635 3320 1671 3373 1.
1710 3324 1795 3387 21,
1830 3324 1895 3374 49
1934 3337 1985 3372 u.
2021 3319 2169 3372 oster.
2241 3318 2366 3370 Zum

1345 3388 1514 3442 lnhalt
1548 3388 1653 3455 vgl.
1690 3388 1746 3442 11.
1787 3393 1866 3455 11;
1899 3391 1962 3442 27
2000 3404 2049 3441 u.
2085 3386 2160 3439 111.
2196 3390 2245 3450 2,
2283 3389 2331 3438 3.

1420 3459 1501 3510 18.
1536 3456 1619 3507 De
1653 3459 1924 3510 comoedia
1960 3457 2166 3522 loquor.
2230 3454 2373 3519 Quid

1348 3528 1432 3577 ait
1447 3526 1820 3592 extragoedia
1843 3529 1950 3575 -Ρ
1984 3524 2099 3591 Vgl.
2117 3523 2153 3575 1.
2176 3527 2256 3588 15,
2275 3525 2369 3576 34:

1347 3594 1569 3659 Loquor
1604 3594 1668 3645 de
1699 3594 2034 3660 principibus
2067 3596 2165 3644 cet.

1423 3665 1502 3715 19.
1526 3662 1679 3713 nulla
1707 3666 1840 3712 esset
1861 3665 2094 3713 omnino.
2130 3659 2250 3713 Dies
2276 3660 2372 3727 gilt

1349 3745 1447 3782 nur
1473 3745 1576 3781 von
1612 3729 1703 3781 der
1736 3744 1958 3782 neueren
1995 3729 2184 3797 griech.
2209 3729 2373 3793 (nicht

1347 3812 1453 3850 von
1489 3797 1579 3850 der
1597 3797 2104 3865 Aristophanischen)
2139 3797 2244 3849 und
2267 3812 2370 3849 von

1352 3865 1442 3917 der
1483 3865 1774 3918 romischen
1815 3865 2093 3931 Κοωὸᾶίε,
2138 3865 2221 3917 die
2256 3879 2372 3917 aus-

2394 498 2470 555 32

2412 578 2474 630 68
