2834 4317
420 157 502 216 40
1177 156 1368 210 LIBER
1401 156 1479 213 111.
1516 158 1599 221 26,
1619 159 1701 210 62.
1723 160 1804 211 63.

425 332 783 394 solutionem
836 331 1019 392 totius
1057 330 1318 392 hominis
1359 329 1712 410 appellatam
1754 339 1952 410 putat;
2005 346 2156 408 quae
2198 339 2316 390 tota
2361 331 2586 409 poterit
2819 394 2820 403 ¹

430 417 598 478 evelli
650 417 962 496 explicata,
1008 426 1073 476 ut
1104 415 1402 495 principio
1434 415 1584 489 dixi,
1627 433 1800 476 causa
1841 414 2255 493 aegritudinis3
2299 427 2389 476 est
2418 416 2583 476 euim
2819 410 2820 427 ¹

434 503 590 564 nulla
627 502 735 563 alia
771 502 884 563 nisi
915 501 1122 580 opinio
1153 509 1212 560 et
1240 500 1519 561 iudicium
1551 500 1753 579 magni
1782 499 2112 579 praesentis
2139 511 2314 579 atque
2357 519 2582 579 urgen-
2815 434 2820 739 ἐ

430 589 504 649 tis
533 587 688 648 mali.
761 587 967 665 Itaque
1013 594 1073 646 et
1115 586 1286 645 dolor
1315 585 1613 666 corporis,
1644 585 1815 646 cuius
1855 595 1945 646 est
1972 603 2205 647 morsus
2234 586 2583 660 acerrimuS‚

432 675 730 753 perfertur
775 691 880 751 spe
912 672 1215 752 proposita
1245 671 1418 745 honi,
1465 682 1525 732 et
1551 683 1679 731 acta
1710 680 1870 731 aetas
1897 670 2148 732 honeste
2178 689 2246 731 ac
2275 670 2585 750 splendide
2630 685 2663 734 5

433 768 654 819 tantam
698 758 889 817 adfert
931 756 1431 827 consolationem,
1477 764 1545 817 ut
1583 774 1712 827 eoS,
1760 756 1861 834 qui
1892 756 1965 816 ita
1998 756 2279 828 vixerint,
2325 766 2581 817 autnon

326 891 406 946 23
442 843 692 921 attingat
719 841 1025 919 aegritudo
1056 850 1159 902 aut
1186 841 1504 922 perleviter
1531 853 1759 921 pungat
1788 841 1969 902 animi
1999 841 2187 901 dolor.

334 974 395 1023 62
613 927 728 989 Sed
773 927 846 987 ad
888 926 1045 987 hanc
1087 926 1432 1006 opinionem
1477 927 1676 1003 magni
1711 925 1847 986 mali
1877 945 2015 987 cum
2045 926 2141 987 illa
2172 926 2346 987 etiam
2377 926 2584 1007 opinio

435 1013 711 1085 accessit,
744 1021 1052 1092 oportere,
1092 1021 1323 1072 rectum
1354 1030 1504 1084 esse,
1535 1012 1607 1072 ad
1637 1011 1898 1072 officium
1922 1012 2225 1090 pertinere
2255 1013 2410 1079 serre
2442 1011 2586 1072 illud

437 1116 644 1176 aegre,
689 1097 849 1176 quod
895 1097 1204 1164 acciderit,
1248 1109 1374 1157 tum
1406 1096 1667 1175 denique
1697 1097 1951 1157 efficitur
1979 1097 2073 1156 illa
2105 1097 2298 1175 gravis
2327 1097 2587 1176 aegritu·
2634 1109 2691 1159 10

439 1183 595 1246 dinis
632 1182 1031 1263 perturbatio„
1078 1181 1168 1245 Ex
1197 1182 1306 1243 hac
1338 1182 1623 1260 opinione
1651 1192 1794 1242 sunt
1822 1182 1920 1241 illa
1949 1182 2105 1242 varia
2136 1191 2196 1262 et
2222 1181 2589 1243 detestabilia

439 1287 660 1349 genera
675 1267 935 1346 lugendi,
968 1269 1272 1346 paedores,
1297 1267 1620 1328 muliebres
1641 1267 2027 1327 lacerationes
2048 1283 2355 1344 genarum,
2380 1277 2588 1346 pecto-

440 1353 552 1426 ris,
582 1354 893 1427 feminum,
925 1352 1134 1432 capitis
1164 1352 1599 1433 percussiones.
1656 1351 1813 1412 Hinc
1842 1352 1942 1414 ille
1970 1355 2331 1429 Agamemno
2366 1352 2589 1413 Home-

438 1439 600 1500 ricus
631 1449 692 1499 et
731 1439 887 1499 idem
916 1438 1228 1510 AccianuS,
1843 1465 1850 1474 -

792 1522 1068 1584 Scinde'ns
1098 1523 1289 1584 doloro
1318 1522 1626 1583 ide'ntidem
1639 1525 1945 1583 intonsam
1975 1540 2210 1592 comam,
2636 1533 2698 1584 15

446 1609 507 1670 in
533 1627 652 1688 quo
688 1610 942 1669 facetum
968 1607 1109 1668 illud
1135 1607 1356 1680 Bionis,
1388 1607 1639 1686 perinde
1667 1606 2078 1668 stultissimum
2098 1625 2302 1685 regem
2332 1607 2393 1667 in
2426 1606 2592 1667 luctu

343 1705 403 1754 63
447 1694 724 1774 capillum
755 1691 867 1753 sibi
898 1692 1179 1765 evellere,
1210 1692 1380 1770 quasi
1409 1691 1641 1752 calvitio
1672 1709 1908 1752 maeror
1933 1691 2245 1752 levaretur.
2300 1692 2414 1753 Sed
2444 1692 2593 1752 haec

447 1779 647 1839 omnia
688 1777 916 1838 faciunt
956 1777 1272 1855 opinantes
1314 1777 1392 1837 ita
1433 1774 1562 1838 fieri
1594 1786 1892 1856 oportere.
1951 1776 2153 1855 ltaque
2183 1787 2243 1837 et
2271 1777 2595 1837 Aeschines

450 1862 527 1924 in‘
545 1861 1005 1923 Demosthenem
1038 1862 1364 1937 invehitur,
1409 1862 1568 1940 quod
1599 1861 1649 1922 is
1677 1862 1930 1942 septimo
1962 1861 2055 1923 die
2084 1870 2222 1941 post
2249 1862 2402 1922 filiae
2431 1880 2595 1922 mor—

447 1958 570 2009 tem
614 1945 836 2008 hostias
876 1946 1309 2008 immolavisset.
1393 1952 1469 2007 At
1513 1965 1689 2025 quam
1733 1947 2059 2021 rhetorice,
2113 1965 2293 2025 quam
2333 1946 2598 2027 copiose,
2645 1961 2708 2012 20

452 2132 546 2197 τῆς
580 2126 951 2182 διαλύσεως
973 2129 1070 2180 τοῦ
1093 2124 1348 2195 σώματος
1369 2130 1473 2182 ἔοι-

450 2219 546 2251 κεν
585 2197 1059 2263 ἐπονομασθῆναι,
1094 2189 1163 2262 ἢν
1196 2199 1258 2250 ἐν
1291 2195 1473 2264 τούτῳ

455 2267 534 2332 τῷ
560 2260 739 2319 πάθέι
775 2265 911 2330 ἴσχει
936 2261 997 2317 τὸ
1025 2266 1202 2333 σῶμα.
1260 2266 1332 2317 lm
1351 2265 1476 2333 my,-

451 2334 814 2401 mologisiereu
832 2334 1104 2386 verfuhren
1122 2335 1207 2387 die
1223 2334 1378 2389 Alten
1398 2333 1477 2386 oft

452 2405 572 2457 sehr
606 2402 938 2455 willkfirlich.

525 2475 573 2525 2.
608 2477 673 2522 ut
696 2474 974 2537 principio
1012 2470 1159 2521 dia-i:
1198 2473 1281 2531 10,
1318 2471 1400 2532 23,

525 2543 575 2593 3.
625 2545 678 2590 et
708 2568 775 2577 —
800 2545 964 2605 atque
997 2537 1122 2602 (und
1158 2538 1382 2589 nachher
1424 2541 1478 2586 ot

455 2639 521 2648 -
559 2610 659 2672 ac),
695 2623 737 2660 S.
772 2623 838 2659 zu
869 2606 905 2659 l.
940 2610 1024 2670 40,
1060 2609 1151 2658 95:
1189 2610 1476 2671 totamque.

526 2679 574 2730 6.
610 2681 708 2728 aut
740 2703 807 2713 -
843 2680 959 2739 aut,
999 2675 1100 2726 wie
1138 2677 1220 2738 17,
1258 2675 1341 2727 38.

530 2749 608 2799 10.
646 2748 760 2793 tum
795 2744 1042 2809 denique,
1078 2757 1119 2793 s,
1145 2757 1189 2794 z.
1214 2741 1249 2793 1.
1289 2743 1371 2804 13,
1396 2743 1479 2796 29.

529 2816 611 2866 11.
646 2811 738 2862 Eat
764 2813 864 2861 hac
888 2826 991 2876 op„
1015 2811 1119 2873 vgl.
1157 2825 1202 2863 z,
1227 2807 1264 2860 l.
1293 2812 1372 2863 13.
1399 2813 1482 2862 30.

532 2882 613 2933 12.
624 2880 902 2945 paedor-es.
942 2879 1089 2928 Auch
1108 2875 1486 2928 Unsauberkeit

462 2946 815 3013 (gewohnlich
828 2947 1031 3009 sordes)
1050 2945 1262 3010 gehorte
1282 2945 1364 2995 bei
1385 2943 1484 2996 den

464 3016 618 3068 Alten
642 3029 706 3064 zu
732 3013 832 3065 den
858 3012 1079 3064 Zeichen
1103 3012 1254 3064 tiefer
1275 3011 1485 3064 Trauer.

531 3082 813 3133 muliebres
847 3082 1217 3132 lacerationes.
1252 3079 1380 3132 Eine
1398 3082 1487 3131 lox

463 3150 568 3203 ΧΠ.
593 3150 736 3203 tabb.
772 3148 856 3212 (de
881 3149 1016 3215 legg.
1040 3148 1096 3200 11.
1125 3150 1206 3210 23,
1232 3152 1316 3212 59)
1344 3159 1485 3214 sagt:

465 3220 719 3272 Mulieres
758 3232 932 3283 genas
973 3233 1042 3268 no
1074 3218 1312 3268 radunto
1356 3234 1488 3267 nove

470 3290 664 3341 [essum
693 3284 907 3347 funeris
931 3302 1063 3351 ergo
1100 3289 1351 3336 habento.

538 3358 616 3408 13.
653 3357 1004 3420 Agamemno.
1074 3352 1168 3405 Bei
1210 3353 1397 3405 Homer
1433 3352 1491 3406 ll.

467 3424 530 3477 X.
569 3427 648 3477 14.
672 3438 697 3474 S
738 3442 780 3476 .:

534 3430 735 3560 Λῦτὰὲ
770 3486 862 3544 ὅτ’
902 3490 954 3540 ἐς
995 3486 1126 3550 νῆάς
1159 3508 1221 3540 τε
1253 3484 1363 3539 ἴδοι
1397 3491 1491 3539 καὶ

876 3554 1011 3609 λαόν
1040 3551 1295 3620 Ἀχαιῶν,

1580 2130 1814 2196 wachen)
1849 2130 2107 2189 entlehnt,
2149 2131 2293 2183 einer
2325 2129 2600 2196 Tragodie‚

1575 2214 1640 2250 zu
1688 2198 1778 2248 der
1813 2197 1905 2249 das
1944 2201 2022 2251 10.
2058 2197 2200 2251 Buch
2237 2199 2327 2250 der
2358 2199 2601 2251 Ilias·die

1576 2266 1870 2331 Grundlage
1910 2269 2027 2330 gab.
2075 2295 2141 2304 -
2176 2266 2250 2319 Zu
2287 2268 2603 2319 Homericus

1577 2334 1682 2386 und
1729 2335 2004 2385 Accianus
2036 2328 2145 2385 ‘bei
2179 2334 2366 2387 Homer
2408 2363 2475 2373 —
2512 2335 2604 2388 bei

1577 2394 1784 2453 Accius'
1819 2401 1924 2468 vgl.
1962 2404 2045 2466 27,
2079 2406 2169 2456 65:
2205 2404 2297 2454 ille
2327 2402 2605 2454 Terentia-

1576 2474 2244 2591 tvfflfzssmssmzss
2264 2470 2347 2524 w.
2384 2474 2469 2536 ³¹⁹
2505 2475 2602 2524 ⁶⁷²

1650 2609 1730 2659 16.
1754 2608 1816 2656 in
1834 2623 1954 2672 quo.
2008 2604 2078 2658 So
2104 2609 2168 2658 de
2192 2606 2280 2659 off.
2301 2607 2335 2656 1.
2362 2608 2447 2670 39,
2473 2609 2605 2660 139:

1581 2674 1726 2740 quod
1768 2677 1829 2724 in
1869 2673 2055 2724 multis
2109 2677 2234 2725 licet
2283 2676 2486 2734 dicor-433
2538 2675 2609 2727 de

1575 2750 1711 2798 orat.
1739 2741 1797 2793 ll.
1819 2744 2040 2804 61‚248:
2059 2744 2351 2793 ridiculum
2369 2747 2449 2793 est
2462 2743 2612 2794 illud

1583 2809 1957 2861 Neronianum
1975 2816 2126 2861 votus
2147 2814 2208 2862 in
2230 2809 2418 2871 furaci
2432 2828 2610 2864 servo.

1587 2877 1705 2945 Vgl.
1741 2878 1778 2928 1.
1816 2880 1899 2942 36,
1926 2880 1989 2931 88
2026 2894 2077 2930 u.
2111 2878 2195 2931 IV.
2235 2882 2282 2943 7,
2321 2883 2401 2933 16.

1656 2946 1815 3009 Bion,
1850 2940 1880 2997 ὖ
1914 2945 2341 3014 Βορυσθενίτης,
2380 2964 2466 2999 um
2502 2949 2613 3000 300

1587 3030 1640 3069 v.
1660 3013 1792 3076 chr„
1815 3014 2144 3082 Cyrenaiker,
2168 3017 2342 3083 spater
2365 3014 2613 3083 Cyniker,

1589 3097 1700 3133 war
1750 3082 1829 3134 als
1881 3083 2177 3135 satirischer
2236 3083 2616 3135 Schriftsteller

1589 3150 1807 3270 ἦυοὲειιε
1847 3148 2078 3205 Vorbild.
2147 3150 2267 3218 Vgl.
2300 3151 2420 3203 Hor.
2455 3152 2615 3217 epist.

1663 3287 1743 3338 18.
1766 3292 1820 3336 ot
1840 3288 2128 3337 Aeschines
2142 3314 2213 3324 —
2228 3288 2521 3350 invehitur,
2555 3288 2618 3339 in

1591 3353 1761 3419 sginer
1787 3352 1931 3406 Rede
1965 3369 2129 3420 gegen
2157 3354 2433 3420 Ctesiphon
2470 3356 2503 3421 ξ
2529 3358 2619 3408 77.

1590 3420 1887 3484 (Aschines,
1935 3424 2053 3486 geb.
2089 3424 2205 3485 389,
2256 3428 2388 3489 gest.
2424 3424 2526 3477 314
2561 3439 2618 3476 v.

1594 3489 1739 3553 Chr„
1793 3489 1882 3541 der
1926 3489 2228 3554 bestiindige
2275 3489 2474 3554 Gegner
2520 3491 2623 3544 des

1597 3557 2001 3620 Demosthenes).
2045 3586 2112 3596 —
2148 3559 2219 3608 Et
2251 3558 2321 3609 ist
2356 3558 2465 3610 hier
2500 3574 2625 3625 par—

538 3622 741 3680 πολλάς
810 3627 870 3675 ἐκ
940 3621 1170 3692 κεφαλῆς
1225 3618 1497 3695 neothi&-
1597 3627 1753 3678 ticula
1795 3625 2039 3690 pendens,
2086 3627 2188 3677 w'ie
2223 3628 2274 3689 3,
2307 3628 2355 3691 5,
2392 3626 2625 3679 welcher

880 3709 1046 3759 μνουε
1077 3689 1258 3743 ἕλκετο
1291 3696 1495 3756 χαίτας.

472 3759 574 3813 Der
606 3759 779 3811 latein.
801 3758 930 3811 Vers
965 3761 1035 3812 ist
1070 3760 1496 3812 wahrscheinlich

473 3845 568 3881 aus
580 3818 784 3880 Accius'
795 3828 1173 3899 Νυκτηγρεσία
1182 3828 1293 3893 (das
1306 3828 1349 3881 N
1354 3828 1496 3880 acht-

1597 3700 1757 3745 unten
1776 3692 1868 3744 Εω
1891 3695 1992 3744 Ιιοο
2010 3698 2186 3744 evenit
2203 3702 2299 3746 cet.
2316 3696 2626 3761 entspricht.

1668 3763 1749 3813 20.
1786 3763 1987 3812 hostias
2019 3763 2426 3827 immolavisset,
2461 3763 2626 3817 niiml.

1600 3829 1677 3880 als
1700 3828 1992 3896 Dankopfer
2023 3830 2105 3881 fiir
2128 3830 2226 3882 den
2252 3829 2365 3882 Tod
2401 3831 2493 3883 des
2516 3830 2629 3884 Κὸ-
