2834 4317
998 156 1186 210 LIBER
1217 157 1302 213 1V.
1337 160 1422 222 34,
1440 163 1469 211 7
1475 161 1524 212 2.
2240 159 2319 220 97

177 337 397 390 natura
418 327 731 401 concessit,
762 328 895 406 quis
917 338 1018 389 aut
1037 330 1110 391 de
1132 328 1455 410 Ganymedi
1486 338 1657 411 raptu
1687 329 1912 393 dubitat
1942 330 2085 411 quid
2113 340 2324 410 poetae

175 413 385 489 velint,
434 423 536 474 aut
568 432 690 474 non
734 413 1025 493 intellegit
1068 415 1210 495 quid
1255 416 1411 495 apud
1451 415 1798 496 Euripidem
1845 425 1903 478 et
1944 416 2225 495 loquatur
2266 427 2326 478 et

180 498 389 579 cupiat
408 495 629 559 Laius?
660 498 816 568 Quid
844 498 1101 579 denique
1130 500 1403 563 homines
1433 501 1752 563 doctissimi
1784 509 1842 562 et
1869 501 2084 563 summi
2113 510 2323 581 poetae

181 583 258 645 de
302 602 366 646 se
409 583 555 663 ipsis
596 590 654 643 et
691 582 1057 647 carminibus
1094 586 1278 647 edunt
1320 595 1379 646 et
1409 585 1682 649 cantibus
1704 584 1735 648 Ἰ
1787 586 1981 648 Fortis
2009 586 2098 647 vir
2126 586 2187 647 in
2219 606 2325 649 sua

99 680 133 731 5
179 687 248 730 re
276 667 512 747 publica
537 668 810 748 cognitus
833 687 984 748 quae
1007 670 1078 731 de
1100 671 1381 732 iuvenum
1401 689 1602 733 amore
1631 671 1838 733 scribit
1858 671 2131 732 Alcaeus!
2177 672 2325 733 Nam

181 754 581 815 Anacreontis
639 754 876 832 quidem
927 762 1050 816 tota
1100 756 1298 835 poesis
1349 765 1439 817 est
1492 757 1802 831 amatoria;
1862 774 2133 817 maxume
2184 775 2322 818 vero

184 839 455 900 omnium
485 839 762 919 flagrasse
793 856 992 901 amore
1021 840 1321 921 Reginum
1349 841 1594 922 Ibycum
1623 849 1868 922 apparet
1895 859 1968 902 ex
1998 840 2252 920 scriptis.

357 923 548 1003 Atque
601 925 814 985 horum
875 925 1141 986 omnium
1182 926 1532 989 libidinosos
1575 945 1704 989 esse
1759 945 1991 988 amores
2040 925 2323 989 videmus.
2346 931 2426 988 84

183 1007 535 1088 Philosophi
557 1027 763 1071 sumus
785 1010 991 1083 exorti,
1016 1018 1076 1071 et
1098 1019 1340 1073 auctore
1362 1012 1601 1091 quidem
1625 1020 1831 1074 nostro
1854 1012 2120 1086 Platone,
2146 1030 2325 1091 quem

18 1091 19 1094 ’
76 1103 138 1156 10
185 1112 310 1154 non
342 1093 559 1155 iniuria
587 1094 977 1156 Dicaearchus
1007 1104 1268 1171 accusat,
1312 1098 1413 1177 qui
1445 1097 1634 1159 amori
1662 1097 2068 1158 auctoritatem
2096 1097 2324 1157 tribue-

184 1196 406 1240 remus.
465 1178 650 1241 Stoici
688 1197 828 1241 vero
871 1188 931 1241 et
959 1181 1286 1262 sapientem
1317 1191 1648 1244 amaturum
1681 1200 1810 1244 esse
1839 1181 2046 1243 dicunt
2075 1190 2135 1241 et
2162 1199 2326 1244 amo·
2370 1191 2429 1242 72

186 1280 317 1323 rem
348 1263 541 1343 ipsum
578 1272 855 1326 conatum
887 1266 1175 1328 amicitiae
1205 1267 1508 1329 faciendae
1538 1286 1609 1328 ex
1639 1265 2098 1347 pulchritudinis
2127 1266 2324 1345 specie

184 1348 499 1410 definiunt.
586 1348 701 1420 Qui
744 1351 792 1412 si
835 1350 967 1429 quis
1009 1359 1101 1413 est
1140 1352 1202 1413 in
1245 1370 1445 1413 rerum
1492 1361 1703 1412 natura
1737 1351 1867 1413 sine
1910 1350 2323 1424 sollicitudine,

185 1434 318 1495 sine
342 1434 652 1509 desiderio,
683 1435 814 1497 sine
836 1454 997 1511 cura,
1026 1437 1155 1499 sine
1178 1438 1452 1517 suspirio,
1484 1437 1559 1499 sit
1578 1456 1752 1512 sane;
1781 1445 1947 1497 vacat
1978 1437 2136 1497 enim
2162 1436 2326 1497 omni

84 1526 144 1579 15
188 1517 467 1595 libidine3
498 1520 642 1581 haec
664 1528 860 1582 autem
882 1521 956 1583 de
978 1521 1226 1584 libidine
1256 1523 1445 1583 oratio
1476 1530 1584 1583 est.
1631 1522 1736 1583 Sin
1768 1528 1964 1583 autem
1997 1531 2087 1583 est
2116 1521 2326 1600 aliquis

184 1622 381 1677 amor,
424 1612 491 1665 ut
535 1614 625 1667 est
665 1615 858 1681 certe,
903 1607 1006 1686 qui
1048 1607 1195 1669 nihil
1223 1606 1374 1669 absit
1402 1616 1505 1669 aut
1536 1626 1659 1669 non
1690 1607 1939 1668 multum
1971 1607 2043 1668 ab
2075 1606 2321 1680 insania,

184 1689 376 1768 qualis
404 1690 466 1750 in
499 1689 789 1752 Leucadia
818 1700 936 1753 est:

181 1807 439 1858 muliebre
447 1811 713 1858 certamen
725 1832 790 1852 ·—--
802 1808 1203 1863 domuum-ibus.

267 1877 314 1927 1.
387 1873 711 1942 Ganymedi,
773 1877 874 1928 wie
908 1877 944 1929 1.
981 1880 1075 1941 41,
1109 1880 1200 1931 98:

187 1943 355 1997 Ulixei.
423 1941 550 1994 Zum
583 1941 749 1995 Inhalt
781 1944 887 2011 vgl.
928 1943 964 1998 1.
1002 1947 1085 2010 26,
1121 1948 1204 1999 65.

254 2013 302 2063 2.
323 2011 470 2076 apud
482 2011 813 2078 Euripidem,
837 2014 889 2065 in
908 2013 998 2065 der
1013 2013 1204 2065 verlor-

183 2094 283 2131 nen
293 2077 546 2144 Tragfidie
557 2078 888 2147 Chrysippus
907 2080 1057 2134 Laius
1067 2083 1206 2134 nam-

181 2147 305 2212 lich‚
339 2146 428 2198 der
453 2146 621 2214 Kfinig
654 2164 757 2200 von
784 2148 1012 2212 Theben,
1048 2149 1207 2202 liebte

184 2215 516 2283 Chrysippus,
556 2215 652 2267 den
691 2215 831 2268 Sohn
868 2217 959 2269 des
994 2216 1199 2286 Pelops.

252 2285 300 2335 5.
319 2284 564 2349 Alcaeus,
589 2282 680 2335 der
695 2283 910 2352 Lyriker
925 2300 1029 2337 von
1047 2283 1202 2354 Myti-

184 2350 318 2414 lene,
342 2366 426 2403 um
453 2354 553 2405 600
565 2352 759 2418 v.Ch1·.,
783 2352 1016 2419 kiimpfte
1035 2368 1201 2420 gegen

183 2419 268 2471 die
304 2418 580 2487 Tyrannen
614 2420 782 2473 seines
806 2420 1159 2474 VaterlandeS.

249 2486 410 2552 Nam,
443 2503 485 2540 e.
511 2503 575 2539 zu
600 2490 683 2553 23,
707 2491 797 2541 52:
833 2505 960 2541 nam
981 2491 1204 2541 Aiacem

185 2555 413 2622 quidem.
481 2555 787 2622 Anakreon,
840 2557 930 2609 der
975 2557 1206 2626 Lyriker,

183 2639 289 2675 von
313 2622 448 2675 Teos
477 2624 531 2675 in
554 2624 746 2688 lonien,
781 2625 919 2678 lebte
944 2627 997 2678 in
1023 2626 1203 2679 Samos

187 2706 269 2743 am
304 2691 434 2744 Hofe
469 2692 561 2744 des
584 2692 908 2761 Polykrates,
944 2696 1116 2762 spater
1150 2696 1203 2747 in

186 2760 354 2812 Athen
393 2759 476 2812 bei
512 2759 610 2813 den
645 2759 1014 2816 Pisistratiden.

257 2831 305 2881 7.
356 2827 621 2893 Reginum
663 2830 911 2896 Ibycum,
961 2846 1047 2883 um
1103 2834 1203 2885 540

187 2911 237 2949 v.
260 2895 393 2961 Chr„
417 2897 575 2948 durch
602 2895 846 2950 Schillers
872 2898 1088 2951 Gedicht
1111 2899 1205 2951 all-

187 2963 430 3016 bekannt.
500 2964 611 3017 Wir
645 2964 812 3018 haben
856 2981 952 3019 nur
994 2967 1204 3033 geringe

188 3030 489 3098 Fragmente
513 3048 617 3085 von
641 3034 763 3086 ihm.
817 3033 958 3087 Suid.
983 3049 1025 3086 s.
1050 3035 1100 3087 h.
1125 3051 1202 3086 v.:

187 3103 408 3184 ye'yos'rw
435 3100 947 3169 ἐρωτομανέστατος
977 3106 1105 3172 περὶ
1138 3100 1209 3155 τὰ

184 3185 575 3289 -μέαἷῖὶοπσ,
645 3237 712 3291 Ει·
745 3239 900 3291 nahm
935 3240 1027 3304 (im
1054 3209 1210 3308 ¹Sym-

259 3319 301 3356 s.
335 3305 440 3357 und
475 3305 713 3372 Phaedr.)
758 3309 890 3360 zwei
925 3308 1085 3360 Arten
1120 3307 1209 3359 der

228 3372 341 3425 iebe
365 3389 457 3425 an:
482 3374 651 3426 neben
669 3375 760 3428 der
779 3377 1049 3442 gemeinen
1072 3375 1212 3428 sinn-

187 3440 374 3506 lichen,
410 3441 493 3494 die
528 3457 584 3494 er
606 3443 786 3497 selbst
819 3444 1059 3509 vel-werf,
1095 3444 1210 3496 eine

192 3508 394 3575 andere,
430 3511 571 3563 reine
593 3511 699 3563 und
723 3513 960 3580 geistige,
995 3512 1079 3564 die
1105 3527 1210 3564 von

191 3576 280 3629 der
302 3578 656 3646 Anschauung
690 3581 906 3634 schoner
928 3580 1212 3648 Korperge-

191 3645 379 3698 stalten
414 3648 710 3714 ausgehend
745 3649 855 3701 sich
889 3665 979 3702 zur
1004 3648 1211 3701 Seelen-

192 3713 462 3768 schc‘inheit
486 3715 679 3769 erhebt.
739 3716 861 3769 Dats
884 3716 1131 3770 Dicaerch
1155 3715 1209 3782 (1.

194 3783 275 3846 10,
300 3782 387 3846 21)
422 3783 512 3837 ihn
547 3785 745 3851 angriff,
782 3786 974 3839 wissen
997 3785 1094 3837 wir
1117 3799 1212 3837 nur

191 3863 284 3902 aus
318 3850 486 3904 dieser
521 3851 701 3906 Stelle.

295 3933 453 3977 Cicero
484 3935 664 3982 Tuscul.
694 3939 750 3984 11.
797 3940 838 3982 8.
865 3938 974 3981 Auss.

1379 1812 1461 1863 11.
1510 1809 1683 1861 Stoici
1712 1836 1783 1847 —
1816 1809 2021 1859 dicunt.
2088 1806 2235 1873 Diog.
2271 1809 2324 1863 L.

1306 1875 1406 1929 Vll.
1430 1878 1556 1930 129:
1586 1880 1679 1928 καὶ
1702 1873 2122 1945 ἐρασθήσεσθαι
2145 1870 2206 1928 δὲ
2226 1876 2329 1929 τὸν

1306 1942 1624 2064 tgr-:2532
1645 1947 1791 2078 νέειν
1813 1941 2204 2077 ‘ww
2236 1941 2330 2065 ‘3:2⁸‘

1386 2085 1494 2133 ίαν.
1566 2080 1652 2133 Sie
1696 2031 1930 2147 ginge1f⁰
1933 2031 2065 2132 ³1:39
2086 2095 2190 2132 von
2237 2081 2328 2133 der

1358 2155 1726 2214 oraussetzung
1762 2164 1879 2213 aue,
1924 2147 2036 2200 dats
2070 2148 2122 2199 in
2159 2148 2326 2201 einem

1304 2218 1533 2270 schonen
1561 2215 1931 2282 jugendlichen
1965 2214 2162 2281 Korper
2197 2218 2329 2269 auch

1304 2284 1389 2337 die
1411 2285 1611 2350 Anlage
1644 2300 1734 2336 zur
1759 2283 2040 2336 Schonheit
2063 2284 2154 2335 der
2176 2283 2328 2337 Seele

1303 2352 1469 2419 liege,
1520 2351 1626 2403 und
1667 2352 1891 2404 meinten
1907 2390 1921 2416 ,
1959 2352 2112 2415 Jener
2155 2356 2329 2405 musse

1304 2421 1358 2471 in
1394 2421 1510 2473 dem
1545 2419 1768 2483 Weisen,
1804 2419 1893 2471 der
1927 2419 2017 2470 ihu
2053 2420 2327 2486 anschaue,

1304 2488 1477 2554 Liebe‚
1498 2487 1546 2541 d.
1561 2488 1610 2540 h.
1628 2486 1719 2539 das
1734 2486 1952 2540 Sta-eben
1964 2486 2096 2539 nach
2105 2486 2330 2541 Freund·

1306 2557 1476 2609 schast
1510 2571 1626 2608 zum
1649 2555 1870 2607 Zwecke
1906 2554 1996 2606 der
2017 2553 2328 2622 Verefflnng,

1307 2624 1596 2677 erwecken.
1655 2621 1822 2675 Daher
1855 2622 1994 2674 Zeno
2028 2622 2113 2674 bei
2138 2623 2325 2677 Athen.

1305 2692 1430 2744 xlll.
1455 2709 1504 2761 p.
1530 2695 1652 2745 561:
1678 2687 1779 2743 τὸν
1794 2686 2013 2760 Ἔρωτα
2027 2689 2171 2744 θεὸν
2187 2690 2331 2745 εἶναι

1305 2759 1489 2844 φιλίας
1520 2763 1612 2811 καὶ
1645 2755 1982 2828 ἐλευθερίας,
2021 2760 2106 2811 ἔτι
2142 2755 2204 2811 δὲ
2237 2764 2328 2811 καὶ

1305 2824 2125 2951 Ξζιονρδίαςθπαρασκευαστικόν,
2164 2823 2328 2880 ἄλλον

1400 2915 1464 2949 ου
1500 2911 1635 2952 evoe.

1374 2981 1518 3032 vero,
1556 2966 1655 3017 wie
1690 2963 1724 3017 1.
1751 2965 1835 3030 39,
1861 2965 1944 3017 93.
2129 3001 2134 3006 -

1384 3036 1463 3088 13.
1487 3037 1548 3084 in
1565 3048 1748 3085 rerum
1762 3023 2050 3084 natura‘in
2071 3031 2162 3084 der
2178 3031 2334 3084 witk-

1309 3103 1483 3155 lichen
1504 3092 1688 3161 Welt’3
1722 3100 1827 3167 vgl.
1850 3099 1909 3153 V.
1931 3102 2015 3165 37,
2041 3103 2159 3154 107.

1383 3173 1464 3222 15.
1513 3170 1578 3221 de
1612 3168 1833 3220 libidine
1866 3196 1934 3207 -·
1970 3173 2072 3235 est,
2117 3183 2160 3221 ε.
2195 3183 2260 3220 zu
2293 3168 2329 3219 1.

1317 3242 1395 3303 11,
1422 3240 1516 3291 24:
1552 3242 1629 3288 est
1664 3237 1728 3288 de
1760 3263 1845 3289 —-.

1381 3307 1481 3359 Sin
1517 3311 1711 3358 autem.
1768 3303 1869 3357 Der
1892 3302 2147 3355 Nachsatz
2184 3301 2332 3365 fehlt,

1311 3374 1434 3427 weil
1481 3375 1584 3427 Cic.
1629 3373 1722 3426 das
1764 3388 1825 3426 an
1865 3371 2064 3424 esuhrte
2104 3369 2332 3437 Beispiel

1312 3444 1495 3496 weiter
1528 3442 1768 3508 versolgt.
1880 3454 1960 3491 em
1995 3437 2152 3489 Sinne
2195 3438 2327 3489 nach

1311 3511 1500 3564 musste
1545 3526 1601 3563 er
1647 3515 1783 3562 etwa
1828 3506 2052 3561 heissen:
2097 3508 2146 3556 is
2193 3511 2334 3557 certe

1311 3580 1723 3631 contemnendus
1756 3581 1847 3628 est.

1387 3650 1467 3701 16.
1501 3652 1567 3700 ut
1588 3650 1667 3697 eet
1689 3651 1846 3698 certe.
1887 3641 2028 3695 Brut.
2051 3644 2131 3707 19,
2150 3646 2240 3697 76:
2264 3646 2338 3694 sit

1312 3716 1528 3768 Ennius
1570 3730 1724 3779 sane,
1769 3719 1833 3765 ui
1876 3714 1956 3763 est
1997 3715 2163 3774 certe,
2210 3727 2335 3778 per-

1310 3783 1525 3846 fectior.
1577 3781 1698 3848 vgl.
1719 3781 1755 3833 1.
1786 3785 1865 3846 18,
1889 3783 1982 3833 41:
2015 3781 2159 3830 sicut
2191 3785 2284 3831 est.

1387 3855 1467 3905 17.
1510 3855 1569 3902 in
1604 3850 1905 3912 Leucadia,
1952 3847 2023 3899 im
2049 3839 2067 3863 ‘
2085 3846 2336 3900 Madchen

1900 3938 1928 3987 7
