2834 4317
302 1469 359 1519 18

305 2065 361 2115 19

409 182 531 240 118

1110 181 1299 235 LIBER
1333 184 1391 235 11.
1429 189 1479 249 7,
1516 188 1595 240 17.
1635 187 1715 240 18.
1754 189 1835 242 19.

403 357 497 417 cui
544 374 764 435 corpus
794 353 951 416 hene
980 356 1369 418 constitutum
1416 356 1493 417 sit
1537 367 1595 417 et
1635 358 2000 438 exploratum
2033 357 2113 418 ita
2142 376 2379 438 semper
2408 358 2563 420 fore.

404 441 552 512 Quis
582 450 778 502 autem
809 450 899 503 est
927 441 1055 514 iste,
1089 442 1186 502 cui
1216 441 1274 502 id
1308 441 1683 522 exploratum
1713 443 1901 523 possit
1934 440 2105 505 esse?

573 525 870 606 Epicurus
898 545 1040 589 vero
1084 544 1153 588 ea
1197 526 1356 602 dicit,
1402 536 1471 588 ut
1510 528 1657 589 mihi
1702 528 1941 608 quidem
1985 528 2140 590 risus
2179 537 2419 608 captare
2465 528 2562 590 vi-

403 612 629 673 deatur.
689 613 972 673 Adfirmat
1001 612 1162 674 enim
1194 612 1451 690 quodam
1481 612 1635 688 loco,
1681 613 1731 675 si
1762 621 1973 675 uratur
2014 613 2273 693 sapiens,
2319 613 2370 675 si
2416 632 2556 675 cru-

401 698 594 759 cietur
622 734 708 742 —-
737 705 1041 778 exspectas
1078 698 1327 759 fortasse
1363 698 1507 758 dum
1550 698 1723 775 dicat,
1768 698 2042 779 patietur,
2089 699 2382 778 perferet,
2430 718 2556 761 non
2612 711 2645 759 5

401 782 780 855 succumbet;
812 799 1027 862 magna
1056 801 1151 844 me
1180 782 1436 844 Hercule
1465 783 1594 844 laus
1628 792 1686 845 et
1715 803 1786 845 eo
1818 785 1967 864 ipsc,
1999 802 2108 864 per
2138 802 2318 862 quem
2349 784 2557 860 iuravi,

402 867 685 941 Hercule,
731 867 907 947 digna
920 887 938 944 3
985 869 1088 929 sed
1118 867 1400 948 Epicuro,-
1444 869 1672 930 homini
1716 888 1928 950 aspero
1975 879 2033 930 et
2070 868 2250 945 dure,
2296 888 2422 931 non
2472 878 2564 931 est

401 954 518 1013 hoc
562 952 727 1014 satis:
774 952 835 1013 in
872 953 1191 1015 Phalaridis
1231 961 1403 1015 tauro
1449 950 1499 1014 si
1543 954 1687 1029 erit,
1735 955 1915 1015 dicet:
1977 952 2172 1027 Quam
2214 974 2393 1017 suave
2418 949 2562 1031 est!

402 1056 578 1120 quam
617 1037 718 1100 hoc
755 1057 875 1101 non
918 1032 1092 1101 curo!
1152 1039 1342 1100 Suave
1373 1037 1591 1099 etiam?
1635 1057 1709 1100 an
1742 1057 1955 1119 parum
1987 1047 2093 1116 est,
2140 1039 2190 1101 si
2238 1059 2361 1101 non
2393 1058 2555 1100 ama-

402 1121 579 1184 rum?
637 1125 711 1184 At
752 1123 809 1185 id
853 1123 1092 1202 quidem
1121 1124 1205 1185 illi
1233 1123 1368 1204 ipsi,
1415 1124 1515 1203 qui
1557 1123 1824 1185 dolorem
1867 1126 2088 1187 malum
2137 1143 2266 1187 esse
2311 1133 2554 1204 negant,
2611 1136 2674 1186 10

405 1228 529 1270 non
560 1209 756 1270 solent
786 1209 1003 1283 dicere,
1048 1209 1328 1289 cuiquam
1358 1227 1535 1270 suave
1574 1228 1704 1271 esse
1733 1210 2015 1285 cruciari3
2061 1227 2357 1290 asperum,
2402 1211 2558 1271 diffi-

402 1294 533 1368 cile,
579 1294 869 1368 odiosum,
914 1303 1121 1355 contra
1168 1301 1441 1356 naturam
1470 1294 1697 1369 dicunt,
1741 1314 1855 1356 nec
1899 1304 2095 1358 tamen
2128 1294 2365 1360 malum.
2423 1295 2561 1371 Hic,

404 1380 504 1459 qui
550 1379 904 1454 solumhoc
955 1379 1177 1441 malum
1220 1380 1363 1441 dicit
1420 1389 1480 1441 et
1530 1380 1823 1442 malorum
1883 1381 2152 1442 omnium
2205 1389 2560 1455 extremum,

402 1465 728 1546 sapientem
761 1475 966 1527 censet
1006 1465 1064 1526 id
1095 1483 1272 1527 suave
1302 1466 1620 1526 dicturum.
1680 1465 1807 1545 Ego
1839 1483 1872 1525 a
1915 1474 1975 1527 te
2021 1485 2145 1527 non
2192 1466 2449 1546 postulo,
2494 1475 2563 1533 ut

404 1549 670 1611 dolorem
700 1548 921 1611 eisdem
951 1548 1148 1611 verbis
1178 1551 1433 1625 adficiaS,
1479 1550 1697 1629 quihus
1725 1550 2043 1631 Epicurus,
2082 1552 2284 1626 homo,
2328 1559 2395 1612 ut
2423 1552 2560 1626 scis,
2608 1560 2672 1610 15

406 1635 789 1716 voluptarius.
851 1635 956 1696 Ille
997 1636 1210 1696 dixerit
1239 1654 1382 1697 sane
1426 1635 1583 1696 idem
1613 1635 1676 1697 in
1708 1635 2033 1698 Phalaridis
2061 1645 2254 1709 taum,
2301 1636 2481 1716 quod,
2512 1637 2562 1698 si

404 1730 559 1781 esset
596 1722 659 1782 in
704 1720 958 1794 lectu103
1004 1739 1114 1800 ego
1158 1728 1383 1781 tantam
1422 1720 1539 1781 vim
1586 1740 1709 1782 non
1754 1720 1953 1782 tribuo
1983 1721 2308 1802 sapientiae
2352 1731 2564 1783 contra

404 1804 688 1866 dolorem.
743 1805 803 1867 Si
833 1805 1004 1867 fortis
1035 1813 1125 1867 est
1151 1806 1213 1866 in
1247 1806 1628 1885 perferend0,
1662 1805 1860 1867 officio
1890 1807 2031 1869 satis
2061 1815 2182 1883 est;
2214 1816 2281 1869 ut
2308 1807 2565 1868 laetetur

403 1891 612 1965 etiam,
660 1910 782 1952 non
829 1891 1085 1970 postulo.
1152 1890 1365 1953 Tristis
1415 1891 1576 1953 enim
1620 1909 1720 1952 res
1763 1899 1852 1953 est
1896 1892 2025 1953 sine
2071 1891 2283 1967 dubie,
2329 1911 2560 1973 aspera,

404 1993 620 2056 amara,
667 1975 904 2036 inimica
949 1985 1213 2051 naturae,
1260 1976 1332 2036 ad
1367 1977 1713 2057 patiendum
1756 1977 2254 2097 tolerandumflue
2287 1976 2562 2040 difficilis.
2609 1987 2675 2037 20

410 2061 622 2140 Aspice
651 2061 1058 2139 Philoctetam,
1105 2062 1203 2123 cui
1234 2062 1685 2124 concedendum
1718 2070 1809 2124 est
1837 2052 2126 2140 g‘eiii'effli,
2171 2064 2367 2143 ipsum
2400 2062 2564 2125 enim

469 2231 520 2280 4.
555 2227 831 2290 Adfirmat
864 2256 931 2267 —
967 2230 1123 2281 dicet.
1192 2227 1283 2281 Bei
1339 2229 1430 2282 der

402 2296 787 2363 Lebhaftigkeit
829 2296 920 2348 der
953 2296 1123 2359 Rede,
1170 2296 1254 2349 die
1297 2298 1430 2350 nach

403 2363 933 2425 adfirmatmehrfach
951 2365 1329 2418 unterbrochen
1341 2367 1431 2432 ist,

403 2435 515 2484 tritt
560 2433 651 2485 das
700 2432 851 2486 Verb.
895 2432 985 2486 fin.
1034 2435 1175 2485 dicet
1226 2449 1291 2486 an
1345 2434 1430 2487 die

404 2500 566 2554 Stelle
591 2500 683 2554 des
704 2500 850 2554 Infin.
876 2502 1147 2554 dicturum
1172 2518 1298 2568 esse,
1323 2502 1429 2568 der,

401 2574 578 2637 streng
620 2570 847 2636 logisch,
899 2569 977 2622 als
1032 2571 1290 2636 abhfingig
1324 2586 1429 2622 von

402 2637 515 2699 adl:
553 2654 618 2689 zu
655 2644 909 2691 erwarten
948 2640 1102 2692 ware.
1174 2629 1429 2693 Khnliche

401 2693 708 2772 Ubergiinge
744 2722 837 2759 aus
861 2705 950 2758 der
973 2706 1057 2759 Or.
1082 2707 1243 2778 obliq.
1268 2708 1321 2759 in
1346 2707 1431 2759 die

405 2773 488 2826 Or.
526 2780 664 2826 recta
702 2789 744 2825 s·
780 2776 862 2837 25,
900 2775 963 2828 61
1007 2776 1086 2838 (at
1120 2778 1212 2828 ille
1244 2804 1314 2813 —
1348 2779 1432 2826 in·

405 2843 566 2907 quit);
607 2843 688 2903 26,
725 2843 791 2894 62
825 2842 1009 2908 (Apud
1043 2859 1174 2909 quos
1208 2874 1274 2883 —-
1309 2843 1430 2895 lam

403 2911 590 2975 viget);
638 2907 722 2963 1V.
763 2911 855 2973 10,
890 2912 958 2962 24
999 2911 1132 2975 (tum
1168 2914 1426 2976 οωείεἰίθς

407 2980 490 3043 19,
515 2980 578 3029 43
615 2978 767 3042 (haec
799 2976 1005 3029 nullam
1040 2980 1238 3031 habent
1268 2983 1427 3042 vim);

404 3044 469 3098 V.
507 3047 601 3112 18,
640 3047 704 3098 52
741 3044 1044 3111 (formido);
1091 3050 1175 3113 38,
1215 3052 1310 3102 111
1347 3050 1430 3113 (in

403 3113 575 3165 oculis
610 3113 717 3165 tale
749 3115 892 3165 nihil
921 3114 1021 3179 fit).

474 3185 523 3234 5.
560 3188 838 3248 exspectat
874 3210 945 3222 —
967 3184 1095 3236 dum
1130 3184 1294 3235 dicat.
1357 3182 1429 3236 So

404 3249 540 3303 Lael.
581 3252 662 3315 13,
679 3254 775 3303 442
810 3266 878 3301 ne
911 3257 1274 3320 exspectemus
1309 3255 1431 3318 qui-

404 3319 540 3437 ἰίθηι,
576 3320 701 3370 dum
725 3334 995 3387 rogemur,
1032 3338 1079 3373 u.
1106 3321 1255 3373 efter.
1313 3320 1428 3388 Vgl.

476 3459 524 3509 7.
571 3457 776 3507 homini
808 3484 875 3493 —
912 3456 1063 3509 duro.
1143 3454 1293 3507 Sinn:
1346 3455 1431 3519 Er,

405 3522 496 3574 der
537 3523 606 3575 im
642 3524 857 3590 iibrigen
895 3522 1163 3576 weichlich
1199 3523 1284 3587 ist,
1319 3524 1431 3575 will

404 3591 474 3642 im
529 3589 774 3657 Ertragen
827 3590 918 3644 des
971 3591 1273 3643 Schmerzes
1330 3592 1429 3644 den

406 3657 651 3711 Hercules
720 3658 1059 3722 fibertreffe03
1119 3659 1286 3711 welch
1345 3660 1430 3712 ein

406 3726 591 3779 rauher
625 3726 729 3778 und
765 3726 1125 3793 abgehiirteter
1158 3726 1336 3780 Manu!

477 3796 524 3848 8.
546 3798 608 3846 in
621 3793 930 3846 Phalaridis
956 3800 1136 3848 tauro.
1179 3795 1430 3863 PhalariS,

405 3862 615 3933 Tyrann
651 3878 755 3915 von
790 3862 1063 3931 Agrigent,
1108 3880 1195 3917 nm
1244 3868 1342 3919 560
1378 3881 1430 3919 v.

1534 2229 1663 2293 Chr„
1697 2229 1841 2282 hatte
1877 2230 2025 2282 einen
2063 2245 2166 2282 von
2190 2229 2411 2282 Perillns
2448 2244 2567 2281 ver-

1534 2297 1774 2364 fertigten
1811 2298 2035 2350 ehernen
2072 2297 2237 2363 Stier‚
2283 2297 2337 2350 in
2373 2296 2565 2350 dessen

1533 2365 1739 2418 hohlem
1765 2365 1970 2419 Banche
2003 2382 2058 2419 er
2092 2366 2175 2418 die
2201 2364 2358 2433 Opser
2392 2367 2566 2418 seiner

1532 2432 1893 2552 grausamkeit
1917 2434 2236 2487 verbrennen
2259 2433 2392 2487 liefs.
2446 2433 2563 2500 Vgl.

1603 2574 1651 2623 9.
1672 2542 1831 2636 ᾳῖιαηι
1853 2598 1916 2607 -
1935 2585 2046 2621 non
2082 2560 2210 2622 ‘wie
2247 2560 2453 2636 wenig’.
2491 2569 2564 2622 So

1538 2641 1628 2702 17,
1664 2641 1754 2691 39:
1800 2638 1923 2688 vide
1969 2652 2130 2703 quam
2163 2654 2273 2689 non
2307 2639 2567 2700 flebiliter

1530 2706 1877 2772 respondean
1912 2705 1997 2758 lv.
2035 2708 2120 2773 35,
2156 2708 2245 2758 74:
2284 2722 2444 2772 quam
2479 2709 2566 2757 ni—

1532 2774 1635 2825 hili
1666 2776 1740 2824 sit
1775 2775 1995 2827 omnino
2020 2766 2151 2826 ‘wie
2188 2776 2360 2842 wenig
2397 2767 2563 2827 wert'.

1595 2857 1810 2908 parum,
1845 2842 1988 2894 nicht
2022 2856 2211 2909 geuug-

1602 2915 1681 2963 10.
1718 2911 1807 2963 illi
1837 2913 1962 2976 ipsi,
1998 2909 2082 2963 die
2119 2909 2342 2963 Stoiker.

1602 2981 1682 3033 12.
1694 2983 1884 3030 contra
1902 2983 2172 3041 naturam,
2198 2977 2566 3043 adjektivisch,

1534 3047 1635 3098 wie
1674 3050 1765 3111 13,
1801 3049 1891 3109 3ος
1942 3046 2108 3098 wosfir
2142 3046 2176 3114 5
2225 3048 2284 3100 18
2329 3050 2566 3097 naturae

1531 3118 1771 3168 inimica,

1605 3186 1686 3236 13.
1720 3188 1790 3246 et,
1826 3182 1878 3237 d.
1903 3182 1953 3235 h.
1992 3198 2056 3235 an
2091 3181 2317 3234 anderen
2345 3180 2563 3233 Stellen.

1607 3254 1685 3305 15.
1722 3251 1915 3302 eisdem
1966 3253 2139 3302 verbis
2186 3250 2413 3312 adficias
2468 3249 2565 3301 mit

1534 3319 1814 3372 denselben
1840 3318 2150 3371 Priidikaten
2186 3317 2362 3382 (niiml.
2383 3317 2564 3380 Quam

1532 3403 1699 3439 mave
1733 3391 1842 3438 est!
1877 3388 1997 3452 cet.)
2034 3387 2256 3439 beehrst.

1607 3457 1688 3510 18.
1725 3456 1789 3508 Si
1829 3454 1995 3516 fortis
2041 3460 2145 3518 est,
2181 3454 2294 3509 scil.
2328 3457 2567 3520 sapiens,

1535 3524 1634 3575 wie
1680 3539 1772 3577 aus
1819 3521 1935 3576 dem
1980 3522 2436 3590 vorhergehenden
2474 3538 2567 3572 sa-

1528 3595 1773 3659 pientiae
1806 3608 1869 3643 zu
1906 3593 2159 3658 ergiinzen
2195 3592 2280 3643 ist.
2321 3589 2438 3657 Vgl.
2478 3592 2566 3656 11,

1535 3662 1630 3713 27:
1671 3663 1817 3714 haec.

1603 3731 1686 3782 21.
1724 3730 1932 3794 Aspice,
1957 3728 2112 3783 niiml.
2136 3726 2229 3780 auf
2249 3726 2340 3779 der
2365 3723 2567 3779 Bfihne.

1532 3795 1711 3861 (Sonst
1753 3799 1922 3864 paiste
1970 3796 2082 3848 dies
2119 3795 2345 3848 Verbum
2382 3793 2567 3859 nicht).

1602 3865 1966 3918 Philoctetam.
2024 3863 2093 3917 Er
2114 3862 2287 3917 besafs
2322 3862 2416 3915 des
2439 3861 2571 3914 Her-
