2834 4317
152 1121 213 1171 10

145 1543 205 1594 15

983 170 1172 229 LIBER
1205 178 1282 231 111.
1325 182 1404 243 17,
1423 180 1505 231 38.
1545 180 1625 232 18.
1645 181 1727 232 39.
2333 176 2411 236 27

262 350 478 423 lorum,
509 357 576 410 ut
606 349 805 424 iubes,
838 369 1029 429 eoque
1060 350 1306 425 facilius,
1346 352 1507 430 quod
1538 369 1606 412 ea
1636 369 1713 411 ne
1744 352 1805 412 in
1836 350 2004 412 malis
2035 350 2275 429 quidem
2302 370 2414 430 po-

262 435 460 496 nenda
501 453 738 496 censeo.
820 435 945 496 Sed
992 435 1249 497 traducis
1305 436 1694 516 cogitationes
1747 454 1909 497 meas
1952 437 2022 496 ad
2065 436 2413 515 voluptateS.

264 517 469 591 Quas?
531 519 812 599 Corporis
842 520 1020 581 credo
1051 529 1152 581 aut
1181 539 1330 599 quae
1358 530 1607 601 propter
1628 539 1849 600 corpus
1880 520 1969 582 vel
1998 520 2411 582 recordatione

260 604 352 665 vel
382 623 487 684 spe
511 605 868 683 cogitentur.
928 604 1081 666 Num
1101 605 1242 685 quid
1267 615 1357 667 est
1373 606 1528 667 aliud
1546 603 1576 665 7
1607 614 1848 667 rectene
1878 606 2243 685 interpretor
2271 625 2410 667 sen-

258 689 502 750 tentiam
534 687 741 750 tuam?
772 689 982 751 Solent
1012 691 1171 752 enim
1202 691 1298 752 isti
1327 709 1547 768 negare
1579 710 1689 752 nos
1718 690 2064 770 intellegere
2084 690 2224 769 quid
2256 690 2413 751 dicat

260 773 573 853 Epicurus.
630 774 756 835 Hoc
803 775 945 835 dicit
986 776 1201 859 etnhoc
1243 776 1341 837 ille
1385 776 1680 837 acriculus
1719 794 1817 837 me
1859 776 2134 836 audiente
2165 775 2410 837 Athenis
2451 787 2511 838 38

256 876 442 919 senex
459 859 637 929 Zeno,
662 860 913 921 istorum
936 861 1326 933 acutissimus,
1352 862 1715 923 contendere
1733 869 1794 922 et
1813 878 2029 940 magna
2043 878 2186 921 voce
2209 860 2407 922 dicere

255 943 500 1018 solebat,
533 962 666 1005 eum
690 964 816 1006 esse
840 944 1096 1018 beatum,
1129 947 1230 1025 qui
1253 946 1667 1025 praesentibus
1685 946 2085 1024 voluptatibus
2107 946 2409 1006 frueretur

257 1028 701 1109 confideretque
733 1049 797 1090 se
826 1030 1147 1091 fruiturum
1175 1039 1277 1092 aut
1305 1031 1366 1092 in
1400 1032 1565 1092 omni
1594 1040 1697 1092 aut
1724 1031 1786 1092 in
1817 1049 2028 1109 magna
2057 1039 2226 1110 parte
2254 1031 2405 1091 vitae

255 1112 460 1174 dolore
503 1133 625 1175 non
668 1115 1102 1176 interveniente
1145 1126 1248 1176 aut
1289 1116 1339 1177 si
1381 1117 1799 1190 interveniret,
1841 1116 1892 1177 si
1933 1134 2200 1176 summus
2230 1116 2403 1187 foret,
2510 1158 2514 1163 -

254 1198 524 1259 futurum
553 1200 823 1273 brevem,
868 1199 960 1261 sin
994 1200 1369 1280 productior,
1411 1200 1547 1280 plus
1577 1200 1916 1261 habiturum
1952 1199 2196 1261 iucundi
2227 1218 2403 1280 quam

254 1282 420 1360 mali;
470 1284 614 1345 haec
658 1285 1015 1364 cogitantem
1057 1287 1185 1346 fore
1213 1285 1486 1359 beatum,
1527 1286 1873 1365 praesertim
1917 1284 1966 1346 si
2007 1292 2067 1345 et
2095 1293 2232 1345 ante
2262 1302 2401 1363 per-

255 1361 445 1447 ceptis
474 1368 650 1430 bonis
690 1377 1008 1431 contentus
1040 1378 1195 1431 esset
1237 1379 1297 1430 et
1339 1389 1452 1431 nec
1493 1378 1744 1431 mortem
1786 1389 1899 1431 nec
1940 1370 2084 1430 deos
2124 1369 2401 1430 extimes-

252 1461 434 1514 ceret.
486 1453 682 1516 Habes
711 1457 959 1515 formam
981 1454 1225 1535 Epicuri
1245 1456 1397 1516 vitae
1428 1454 1631 1516 heatae
1662 1455 1856 1516 verbis
1878 1453 2136 1515 Zenonis
2158 1472 2400 1533 expres-

250 1555 392 1611 sam,
424 1538 572 1599 nihil
600 1547 669 1599 ut
697 1540 886 1619 possit
917 1540 1139 1618 negari.

423 1622 577 1694 Quid
608 1623 794 1703 ergo?
855 1624 1124 1686 Huiusne
1152 1625 1302 1685 vitae
1331 1625 1659 1705 propositio
1690 1633 1750 1685 et
1789 1625 2067 1704 cogitatio
2107 1635 2209 1686 aut
2236 1625 2395 1706 Thy·
2428 1609 2501 1664 13

252 1716 438 1768 estem
480 1708 671 1769 levare
712 1710 933 1789 poterit
980 1718 1080 1770 aut
1111 1709 1385 1786 Aeetam,
1433 1710 1506 1770 de
1548 1730 1667 1790 quo
1709 1710 1884 1790 paulo
1926 1719 2062 1772 ante
2105 1712 2254 1784 dixi,
2299 1721 2400 1773 aut
2441 1692 2500 1742 39

251 1792 630 1853 Telamonem
675 1794 911 1873 pulsum
955 1794 1142 1873 patria
1185 1794 1551 1857 exsulantem
1595 1803 1771 1875 atque
1802 1794 2122 1876 egentem?
2182 1797 2242 1857 in
2279 1816 2396 1876 quo

248 1877 393 1938 haec
424 1877 728 1939 admiratio
758 1878 969 1940 fiebat:

1440 2016 1520 2066 14.
1556 2014 1744 2079 Habes,
1785 2030 1827 2068 s·
1853 2031 1897 2066 z.
1933 2013 1968 2066 l.
2005 2020 2088 2079 49,
2120 2018 2243 2080 1193
2278 2015 2399 2076 for-

1366 2097 1510 2131 mam
1530 2077 1642 2133 ‘das
1662 2081 1968 2135 Bild—-den
1993 2080 2227 2151 Begriff'.
2275 2087 2394 2154 vgl.

1369 2148 1434 2200 de
1468 2148 1554 2200 off.
1589 2149 1625 2203 1.
1663 2154 1710 2214 5,
1740 2154 1829 2203 14:
1876 2151 2135 2204 Formam
2182 2157 2395 2221 quidem

1367 2220 1557 2284 ipsam,
1593 2218 1777 2269 Marce
1797 2220 1895 2282 fili,
1934 2225 1987 2270 et
2019 2226 2289 2288 tamquam
2312 2224 2400 2285 Γα-

247 2010 468 2063 εοίιὸηεε
479 2010 778 2078 Wortspiel,
802 2013 894 2064 auf
910 2011 1025 2065 dem
1045 2012 1266 2080 Doppel-

245 2079 359 2130 sinn
379 2093 483 2130 von
508 2080 708 2131 malum
730 2080 1265 2146 bernhendzjiul'seres

244 2144 609 2213 Missgescbick
641 2175 711 2213 7-
745 2147 986 2214 (wahres)
1021 2148 1166 2200 Ubel.

315 2217 362 2267 3.
408 2214 587 2278 Quas?
642 2214 780 2267 Uber
814 2215 897 2279 die
940 2216 1134 2283 Ellipse
1176 2216 1266 2268 der

236 2279 450 2400 Ξὲξιροε.
488 2297 529 2335 s.
568 2299 628 2334 zu
653 2283 690 2334 1.
720 2286 802 2349 39,
828 2287 919 2338 93:
958 2284 1114 2348 Quod
1148 2290 1266 2335 tan-

302 2417 463 2469 credo
480 2410 638 2469 ‘doch
664 2413 850 2484 wohl’,
885 2421 994 2482 wie¹
1011 2420 1047 2472 1.
1072 2423 1155 2484 22,
1182 2422 1263 2474 52.

317 2501 454 2551 quae
488 2514 559 2523 —
595 2489 902 2550 cogitentur·
937 2481 1161 2541 ‘welche
1195 2517 1266 2526 —

237 2552 594 2619 Gegenstfinde
631 2553 720 2606 der
745 2552 1075 2622 Vorstellung
1103 2548 1262 2608 sind'.

313 2624 362 2674 4.
411 2625 649 2686 rectene,
699 2637 739 2675 s,
775 2621 812 2674 1.
849 2626 931 2686 27,
969 2628 1033 2676 67
1071 2640 1135 2675 zu
1163 2640 1264 2690 po-

235 2692 410 2753 teme3
443 2691 552 2753 isti,
590 2688 672 2741 die
706 2688 1003 2755 Epikureer.

307 2760 355 2808 7.
388 2757 554 2819 Zone,
591 2756 680 2808 der
702 2757 983 2823 Epikureer
1006 2761 1119 2823 (mit
1143 2760 1257 2813 dem

236 2824 444 2877 Stoiker
477 2823 582 2875 und
618 2823 733 2877 dem
769 2825 979 2878 Eleaten
1018 2829 1159 2881 nicht
1195 2845 1259 2880 zu

234 2891 629 2956 verwechseln),
663 2891 761 2945 den
790 2893 965 2947 Cicero
1002 2896 1105 2949 und
1131 2897 1261 2948 Atti-

235 2975 328 3012 cus
363 2961 414 3012 in
451 2959 621 3011 Athen
665 2961 851 3027 gehort
885 2963 1082 3029 hatten,
1118 2964 1261 3017 hatte

234 3027 367 3079 nach
412 3027 476 3079 de
522 3027 660 3080 deor.
706 3046 755 3081 n.
790 3028 826 3081 1.
864 3032 946 3095 33,
983 3034 1048 3084 93
1097 3035 1262 3085 etwas

233 3095 659 3162 Streitsfichtiges
692 3097 794 3148 und
820 3096 1048 3166 Bissiges
1083 3101 1134 3152 in
1162 3102 1262 3154 sei-

162 3180 167 3187 ’
234 3178 351 3216 nem
377 3163 592 3225 Wesen;
629 3163 787 3217 daher
816 3166 926 3218 hier
960 3169 1259 3220 acriculus:

233 3231 327 3284 das
361 3231 555 3297 bissige
589 3230 891 3286 Ma‘innchen.

303 3300 647 3351 contendere:
677 3301 925 3354 streitend
950 3302 1259 3371 behaupten‚

230 3367 483 3419 bestehen
519 3368 610 3419 auf
640 3397 723 3419 —.

301 3439 350 3488 9.
394 3439 494 3488 aut
531 3437 593 3486 in
639 3440 787 3487 omni
827 3443 924 3489 aut
966 3440 1026 3488 in
1059 3453 1262 3504 magna

226 3509 387 3572 parte
421 3506 581 3567 vitae,
615 3504 717 3556 wie
751 3505 786 3557 Ι.
830 3509 874 3569 1,
907 3509 952 3557 1.

304 3576 384 3625 10.
431 3574 482 3621 εἰ
520 3586 757 3623 summus
800 3573 945 3634 foret
970 3578 1106 3639 cet„
1152 3575 1259 3640 vgl.

230 3640 288 3692 11.
318 3643 397 3703 19,
422 3642 598 3706 44sq.,
633 3640 738 3691 und
761 3656 824 3693 zu
858 3640 973 3693 dem
1007 3644 1058 3691 si
1091 3643 1144 3693 in
1169 3642 1259 3695 der

231 3706 461 3760 Protasis
487 3708 588 3759 und
615 3707 874 3772 Apodosis
903 3710 1044 3761 ede.
1072 3712 1154 3774 27,
1175 3712 1256 3764 67.

229 3776 431 3827 For-em
465 3779 593 3828 statt
634 3791 796 3828 essem
832 3776 994 3829 findet
1027 3779 1134 3829 sich
1171 3780 1254 3832 bei

230 3844 335 3897 Cic.
373 3844 475 3895 fast
510 3859 604 3894 nur
638 3843 691 3894 in
724 3843 1254 3900 Kondizionalsfitzen.

1368 2287 1502 2335 ciem
1538 2287 1746 2337 honesti
1774 2289 1937 2338 vides.
1996 2286 2121 2340 Ibid.
2159 2293 2241 2355 29,
2273 2296 2397 2346 103:

1369 2350 1549 2414 officii
1580 2352 1777 2414 forma.
1796 2383 1865 2393 —-
1884 2355 1985 2407 Das
2008 2354 2144 2409 Part.
2182 2377 2397 2426 eoepres-

1366 2436 1483 2470 sam
1507 2420 1643 2472 kann
1669 2421 1827 2475 durch
1850 2422 1934 2474 die
1955 2424 2123 2476 blolse
2149 2425 2243 2478 Prs
2284 2469 2296 2481 .
2332 2430 2395 2481 in

1368 2488 1792 2555 wiedergegeben
1830 2491 2055 2557 werden,
2091 2495 2191 2546 wie
2217 2444 2279 2548 Vp
2314 2499 2372 2550 21

1366 2557 1461 2609 62:
1500 2562 1686 2622 aptum
1722 2557 1881 2611 durch
1918 2574 2011 2612 an.

1438 2626 1516 2676 16.
1545 2624 1691 2688 Quid
1712 2632 1876 2691 ergo?
1910 2629 2011 2680 wie
2036 2634 2193 2682 unten
2220 2634 2303 2698 20,
2328 2637 2393 2687 46

1363 2691 1467 2744 und
1502 2693 1539 2744 1.
1575 2695 1659 2757 25,
1694 2696 1788 2747 61:
1831 2697 1976 2760 Quid
2005 2700 2230 2761 igitur&
2264 2717 2396 2767 pro·

1355 2763 1558 2825 positio
1591 2755 1986 2830 ‘Vorstellung’.

1436 2830 1513 2881 17.
1535 2830 1599 2880 de
1616 2846 1720 2896 quo
1737 2831 1902 2897 paulo
1926 2839 2051 2884 ante
2075 2834 2215 2903 dixi,
2239 2838 2393 2893 nfiml.

1367 2897 1449 2962 12,
1486 2899 1570 2953 26.
1633 2898 1751 2950 Man
1798 2900 1952 2952 sollte
1988 2902 2053 2953 de
2089 2908 2282 2968 quibus
2317 2922 2394 2958 er-

1364 2970 1589 3030 warten‚
1638 2966 1701 3018 da
1750 2968 1880 3019 auch
1918 2967 2033 3021 dort
2067 2986 2170 3024 von
2205 2973 2392 3027 beiden

1363 3030 1447 3082 die
1483 3031 1622 3085 Rede
1661 3049 1784 3089 war.

1425 3102 1502 3152 18.
1524 3100 1873 3155 Telamonem.
1915 3104 2246 3160 chlfJahre
2261 3111 2391 3162 nach

1364 3166 1701 3236 Beendigung
1725 3170 1816 3223 des
1840 3174 2024 3237 trojam.
2049 3173 2262 3242 Krieges
2287 3178 2392 3230 und

1363 3234 1705 3304 Verstol'sung
1751 3239 1919 3291 seines
1958 3240 2157 3294 Sobnes
2192 3242 2391 3296 Teucer

1363 3303 1543 3355 wurde
1579 3321 1633 3358 er
1669 3313 1801 3358 samt
1836 3309 2027 3374 sein-em
2064 3307 2257 3377 Bruder,
2296 3309 2393 3364 Pe-

1363 3371 1477 3423 leus
1495 3387 1596 3425 von
1622 3373 1736 3426 dem
1748 3373 1906 3426 Vater
1923 3375 2093 3427 Aacus
2111 3392 2204 3429 aus
2222 3378 2389 3444 Agina

1363 3440 1681 3508 vei-trieben,
1719 3442 1837 3494 weil
1874 3442 2024 3494 beide
2058 3444 2202 3496 ihren
2235 3446 2390 3498 Halb-

1363 3508 1549 3560 bruder
1581 3508 1780 3562 Phocas
1815 3511 2069 3564 ermordet
2102 3512 2294 3566 hatten.
2319 3543 2386 3553 —

1362 3574 1530 3629 Durcb
1567 3579 1897 3630 eoesulantem
1932 3596 1983 3631 a.
2009 3596 2052 3631 e.
2089 3581 2217 3632 wird
2244 3583 2387 3635 nicht

1366 3644 1701 3698 Telamonem
1719 3646 1890 3711 allein,
1911 3647 2130 3700 sondern
2150 3649 2387 3702 Telamo—

1358 3728 1478 3763 nem
1494 3717 1713 3779 pulsum
1735 3715 1893 3767 nabet
1913 3714 2193 3783 bestimmt,
2230 3719 2387 3771 daher

1358 3781 1502 3832 nicht
1536 3787 1588 3833 et
1621 3782 1732 3834 exc.
2085 3807 2096 3811 ·

1425 3851 1482 3900 in
1510 3866 1616 3917 quo
1636 3855 1735 3903 cet.
1790 3848 1995 3903 Ebenso
2014 3850 2079 3903 de
2098 3850 2185 3904 fin.
2204 3852 2240 3906 1.
2263 3856 2312 3919 2,
2326 3857 2383 3906 4:
