2834 4317
470 170 555 231 80

1229 171 1418 225 LIBER
1453 170 1536 230 IV.
1575 175 1659 238 20,
1678 176 1761 227 45.
1786 175 1869 227 46.

470 347 584 409 Cui
609 367 731 409 non
755 353 897 409 sunt
939 345 1168 406 auditae
1209 345 1629 407 Demosthenis
1657 342 1930 424 vigiliae?
1960 343 2064 424 qui
2094 344 2295 406 dolere
2325 363 2388 406 se
2417 342 2634 419 aiebat,

473 433 522 495 si
571 433 806 512 quando
851 430 1130 510 opificum
1174 431 1527 492 antelucana
1572 430 1758 492 victus
1789 438 1945 492 esset
1992 429 2296 492 industria.
2327 454 2337 466 ·
2363 428 2638 490 Philoso-

417 559 420 563 .
474 518 669 600 phiaef
695 516 955 595 denique
1000 516 1186 595 ipsius
1230 515 1537 595 principes
1589 533 1912 594 numquam
1943 515 2007 575 in
2037 515 2163 577 suis
2190 514 2404 577 studiis
2430 522 2635 576 tantos

473 621 833 684 progressus
876 601 1009 662 sine
1051 601 1324 680 flagranti
1371 600 1692 679 cupiditate
1733 601 1931 661 facere
1959 600 2313 680 potuissent.
2384 598 2635 661 Ultimas

469 697 664 749 terras
692 688 974 749 lustrasse
1004 685 1411 766 Pythagoran,
1459 686 1895 760 Democritum,
1925 685 2233 746 Platonem
2264 684 2632 765 accepimus;
2683 693 2713 743 5

472 772 576 833 ubi
624 773 784 833 enim
815 771 1094 851 quicquid
1138 779 1312 847 esset,
1343 770 1505 850 quod
1534 770 1681 832 disci
1712 778 1944 850 posset,
1988 788 2061 831 eo
2091 769 2450 831 veniendum
2481 769 2637 830 iudi·

473 864 780 918 caverunt.
854 856 1009 917 Num
1053 866 1332 936 putamus
1374 856 1522 916 haec
1563 856 1694 916 fieri
1736 856 1868 918 sine
1910 873 2144 918 summo
2176 854 2512 935 cupiditatis
2540 872 2637 915 ar-

479 941 625 1003 dore
654 938 962 1021 potuisse?

651 1026 846 1106 Ipsam
904 1025 1369 1104 aegritudinem,
1430 1043 1606 1104 quam
1661 1044 1773 1086 nos
1816 1033 1883 1086 ut
1922 1033 2167 1086 taetram
2214 1033 2274 1085 et
2316 1025 2637 1085 immanem

368 1084 436 1135 4⁵
483 1110 718 1172 heluam
758 1110 1098 1190 fugiendam
1142 1109 1429 1185 diximus,
1474 1128 1596 1171 non
1637 1110 1769 1189 sinc
1814 1128 2031 1188 magna
2071 1108 2321 1171 utilitate
2357 1127 2391 1169 a
2419 1117 2638 1170 natura
2684 1119 2738 1170 10

482 1196 691 1258 dicunt
713 1196 1125 1269 constitutam,
1140 1203 1206 1256 ut
1225 1195 1500 1256 homines
1523 1195 2026 1273 castigationibus,
2045 1193 2637 1274 rep‘rehensionibuS,

454 1281 829 1361 'ignominiis
866 1281 1038 1341 adfici
1068 1299 1132 1341 se
1161 1281 1224 1341 in
1256 1280 1473 1342 delicto
1503 1280 1796 1341 dolerent.
1870 1279 2199 1360 Impunitas
2230 1280 2389 1340 enim
2418 1294 2637 1359 pecca-

481 1376 679 1428 torum
713 1366 841 1427 data
872 1365 1104 1427 videtur
1132 1366 1251 1439 eiS,
1300 1365 1401 1446 qui
1431 1365 1820 1444 ignominiam
1852 1373 1911 1426 et
1940 1365 2240 1426 infamiam
2269 1366 2475 1426 ferunt
2502 1364 2637 1425 sine

478 1452 685 1513 dolore
697 1471 714 1527 ;
760 1451 1020 1512 morderi
1060 1459 1151 1512 est
1177 1451 1390 1513 melius
1419 1450 1804 1512 conscientia.
1878 1449 1969 1510 Ex
2010 1468 2128 1529 quo
2162 1458 2250 1511 est
2279 1449 2424 1511 illud
2455 1467 2488 1510 e
2516 1449 2635 1510 vita

482 1537 724 1598 ductum
758 1536 833 1597 ab
865 1536 1145 1611 Afrani03
1178 1554 1318 1597 nam
1345 1554 1484 1596 cum
1512 1535 1833 1597 dissolutus
1862 1535 2045 1597 filius:

868 1619 998 1682 Heio
1025 1640 1115 1682 me
1142 1616 1457 1684 miserum!

470 1714 606 1767 tum
636 1724 875 1767 severus
904 1714 1103 1785 pater:

867 1789 1026 1850 Dvim
1056 1790 1229 1852 modo
1253 1789 1438 1852 doleat
1467 1789 1704 1871 aliquid,
1734 1789 1920 1851 doleat
1948 1789 2255 1870 quidlubet.

480 1873 757 1952 Reliquas
796 1891 1036 1952 quoque
1082 1874 1266 1954 partis
1308 1875 1696 1954 aegritudinis
1737 1875 1898 1936 utilis
1943 1894 2071 1936 esse
2115 1874 2351 1946 dicunt,
2393 1873 2634 1935 miseri-

468 1956 742 2021 cordiam
786 1958 856 2018 ad
902 1977 1076 2038 opem
1118 1959 1423 2020 ferendam
1472 1968 1532 2020 et
1585 1959 1898 2022 hominum
1952 1959 2337 2039 indignorum
2390 1958 2635 2020 calami-
2679 1966 2738 2018 20

546 2144 590 2196 1.
627 2141 875 2206 auditae,
912 2142 1013 2194 wie
1051 2146 1133 2207 15,
1179 2144 1272 2196 35:
1311 2158 1504 2195 coneu-

464 2212 662 2276 pitum.

452 2338 455 2343 ⁴
543 2272 915 2329 Demosthenis
945 2278 1182 2342 vigiliae.
1218 2276 1338 2343 Vgl.
1364 2277 1501 2331 Plut.

469 2345 617 2399 Dem.
643 2349 671 2398 7
698 2362 750 2398 u.
772 2348 852 2398 11.
895 2343 1041 2397 Stob.
1061 2345 1222 2398 Serm.
1243 2349 1309 2399 29
1329 2361 1380 2412 p.
1401 2348 1502 2400 206

474 2414 597 2478 [first
619 2414 708 2465 ihn
734 2412 893 2465 daher
926 2427 1100 2480 sagen,
1140 2414 1254 2467 dass
1278 2429 1334 2466 er
1359 2415 1503 2467 mehr

464 2480 538 2533 01
577 2481 654 2534 als
689 2480 840 2533 Wein
877 2482 1160 2547 gebraucht
1194 2482 1344 2536 habe.

545 2554 591 2603 5.
627 2552 1011 2617 Pythagoran,
1059 2551 1163 2601 wie
1200 2553 1282 2615 25,
1312 2553 1394 2604 55.
1444 2549 1501 2604 P.

465 2633 568 2670 aus
588 2616 769 2670 Samos
788 2618 904 2681 soll,
922 2617 1018 2670 ehe
1037 2633 1093 2669 er
1111 2618 1221 2670 sich
1238 2618 1290 2684 in
1311 2618 1501 2670 Croton

473 2685 798 2749 niederliefS,
843 2685 1031 2737 Reisen
1068 2686 1200 2737 nach
1237 2685 1501 2753 Agypten,

475 2752 660 2818 Asien,
706 2752 860 2805 Kreta
905 2753 1010 2804 und
1043 2751 1363 2805 Lacedamon
1413 2769 1502 2819 ge-

466 2821 663 2885 macht,
685 2820 792 2872 und
814 2819 957 2871 Dem
975 2821 1153 2873 okrit
1177 2822 1286 2873 sein
1312 2821 1500 2874 bedeu-

474 2888 656 2939 tendes
699 2887 1006 2939 vaterliches
1042 2887 1177 2939 Erbe
1212 2904 1289 2954 zu„
1314 2888 1501 2941 Reisen

474 2954 607 3006 nach
661 2952 928 3020 Babylon,
979 2954 1210 3020 Pei-sien,
1256 2956 1502 3023 Agypten

468 3037 526 3073 1u.
552 3035 592 3074 Β.
620 3036 687 3072 w·
723 3021 992 3073 verwandt
1028 3022 1213 3075 haben.
1273 3022 1412 3089 (vgl.
1440 3023 1499 3076 V.

466 3090 559 3153 36,
596 3091 720 3148 104;
769 3090 853 3155 39,
892 3092 1024 3154 115.)
1106 3089 1252 3143 Auch
1310 3091 1499 3144 Plato

474 3156 780 3208 unternahm
834 3156 887 3208 in
935 3157 1031 3210 den
1090 3164 1259 3212 ersten
1305 3158 1498 3211 Jahren

470 3225 606 3276 nach
650 3224 742 3276 des
788 3223 1033 3278 Sokrates
1069 3223 1214 3291 Tode
1258 3229 1400 3292 (399)
1435 3243 1500 3280 zu

474 3293 642 3345 seiner
676 3291 902 3359 Bildung
951 3294 1277 3360 bedentende
1311 3294 1499 3347 Reisen

468 3362 603 3413 nach
642 3361 838 3429 Cyrene
873 3362 977 3413 und
1012 3361 1258 3430 Agypten
1292 3363 1376 3427 (de
1411 3362 1499 3415 fin.

470 3427 534 3480 V.
571 3431 655 3494 29,
692 3432 796 3494 87),
844 3429 927 3480 die
962 3446 1065 3482 von
1113 3432 1212 3482 den
1249 3429 1499 3496 Spfiteren

466 3496 724 3548 ebenfalls
771 3498 852 3548 ins
893 3497 1196 3549 Fabelhafte
1241 3500 1500 3552 erweitert

471 3562 708 3625 werden3
739 3564 874 3616 dann
899 3565 1028 3616 nach
1054 3564 1394 3618 Unteritalien
1431 3582 1496 3619 zu

470 3629 571 3681 den
606 3630 1008 3698 Pythagoreern.
1045 3632 1220 3697 (Seine
1255 3647 1281 3684 s
1320 3635 1493 3687 iiteren

470 3696 661 3748 Reisen
696 3699 874 3750 hatten
910 3699 1095 3752 andere
1131 3701 1285 3752 Zwec
1325 3705 1391 3766 e.)

540 3765 587 3815 6.
622 3768 720 3815 ubi
757 3770 898 3817 enim
933 3770 1191 3834 quiequid
1222 3773 1371 3835 esset,
1407 3786 1493 3823 wo

464 3831 744 3884 scheinbar
779 3836 1038 3899 quicquid
1058 3864 1125 3874 —
1151 3838 1385 3903 quidque
1408 3839 1494 3903 ist,

1606 2144 1677 2195 ist
1729 2141 2027 2195 verkfirzter
2078 2141 2349 2194 Ausdruck
2402 2140 2484 2192 fiir
2536 2145 2637 2194 ubi

1606 2214 1751 2261 enim
1775 2211 1990 2276 aliquid
2012 2215 2159 2275 esset,
2196 2210 2458 2276 quiequid
2479 2216 2631 2263 esset.

1607 2277 1677 2330 So
1699 2278 1758 2330 V.
1786 2282 1869 2341 34,
1881 2281 1973 2331 98:
1996 2283 2063 2329 ut
2083 2279 2343 2344 quiequid
2364 2280 2634 2330 obiectum

1606 2353 1704 2407 0⁸²3
1733 2346 1796 2398 de
1820 2345 1908 2400 fin.
1927 2345 1990 2401 V.
2011 2349 2060 2412 9,
2079 2348 2145 2398 24
2156 2343 2174 2397 i
2196 2350 2457 2412 quatenus
2481 2349 2634 2411 quie-

1605 2416 1741 2479 quid
1770 2431 1828 2464 se
1850 2418 2103 2481 attingat,
2136 2412 2240 2466 und
2267 2414 2399 2465 noch
2432 2412 2632 2480 einige-

1604 2483 1735 2548 mal,
1771 2482 1904 2534 doch
1941 2483 2119 2534 immet
2166 2497 2261 2534 nur
2295 2483 2502 2534 neben
2539 2497 2634 2533 an-

1606 2549 2119 2670 dern3Relativis.
2192 2548 2308 2615 Vgl.
2343 2551 2541 2615 ubique
2593 2550 2629 2602 Ι.

1610 2620 1692 2681 15,
1760 2621 1809 2671 5.

1679 2688 1757 2739 13.
1793 2686 2149 2750 ignominiam
2181 2689 2233 2735 et
2256 2683 2557 2746 infamiam,
2585 2700 2630 2736 s·

1605 2769 1670 2805 zu
1706 2752 1767 2805 V.
1796 2755 1843 2816 6,
1872 2756 1953 2806 15.

1668 2824 1756 2873 15.
1792 2820 1855 2871 L.
1888 2818 2169 2882 Afranius,
2204 2819 2297 2872 der
2329 2818 2632 2885 Begn'inder

1604 2888 1696 2940 der
1721 2888 1893 2940 fabula
1928 2891 2104 2954 togata
2130 2886 2241 2950 (der
2258 2886 2505 2939 Komae'idie
2528 2887 2632 2939 mit

1603 2956 2002 3008 romischem
2028 2954 2226 3020 Stoffe),
2262 2971 2353 3007 zur
2386 2954 2499 3006 Zeit
2533 2954 2632 3006 der

1606 3024 1892 3086 Gracchen,
1937 3040 2041 3076 von
2077 3022 2240 3075 Horaz
2275 3023 2445 3088 (epist.
2480 3021 2538 3074 ΙΙ.
2580 3027 2632 3089 1,

1607 3095 1691 3157 57)
1736 3093 1786 3144 in
1836 3091 2003 3143 dieser
2037 3090 2263 3157 Gattung
2309 3092 2399 3142 der
2440 3087 2636 3143 Poesie

1603 3174 1662 3212 so
1699 3160 1834 3211 boch
1870 3159 2106 3225 gestellt,
2142 3160 2244 3209 wie
2288 3157 2376 3210 der
2410 3157 2634 3212 Grieche

1601 3226 1880 3279 Menander
1913 3227 1966 3279 in
2001 3226 2091 3278 der
2125 3227 2373 3292 seinigen.

1675 3298 1753 3347 16.
1800 3296 1917 3347 Heu
1950 3311 2033 3345 me
2065 3298 2320 3345 miserum
2353 3293 2448 3345 mit
2481 3293 2636 3345 Dum

1601 3364 1756 3415 modo
1794 3368 1893 3415 cet.
1930 3363 2034 3414 ein
2071 3361 2231 3427 Vei-S,
2267 3361 2357 3414 der
2393 3361 2525 3413 auch
2559 3362 2636 3414 ad

1602 3430 1710 3485 Att.
1736 3430 1865 3482 XVI.
1886 3433 1935 3496 2,
1964 3433 1994 3483 3
2020 3430 2188 3482 citiert
2206 3430 2361 3490 wird3
2387 3444 2480 3481 aus
2498 3429 2636 3480 wel-

1603 3499 1751 3551 chem
1788 3497 1996 3562 Stucke‚
2031 3499 2102 3550 ist
2135 3497 2449 3550 unbekannt.

1671 3569 1751 3619 20.
1781 3568 2151 3632 indignorum,
2179 3581 2249 3618 sc.
2269 3567 2386 3616 istis
2406 3564 2637 3616 calami-

1600 3636 1818 3699 tatibus,
1839 3634 1949 3687 also
1960 3627 2291 3686 ‘unverdient
2307 3625 2634 3688 Leidender’.

1598 3702 1804 3755 Ebenso
1839 3701 1957 3755 Hor.
1995 3701 2157 3754 Serm.
2191 3701 2247 3753 11.
2275 3703 2322 3766 2,
2352 3703 2477 3754 103:
2516 3700 2637 3752 Cur

1600 3775 1721 3834 eget
1742 3771 2003 3835 indignus
2021 3773 2321 3836 quisquam,
2347 3774 2400 3823 te
2424 3770 2598 3821 divite
2611 3773 2640 3820 Ρ

1598 3836 1745 3891 Ovid.
1764 3837 1886 3891 Met.
1905 3838 1940 3891 1.
1969 3839 2095 3891 631:
2130 3838 2360 3904 indigno
2396 3839 2641 3889 circum-

2683 1542 2741 1595 15
