2834 4317
368 1659 435 1715 73.

481 194 562 253 46
1248 193 1439 248 LlBER
1473 194 1552 247 111.
1586 197 1671 261 29,
1690 198 1773 248 72.
1793 197 1876 248 73.

895 368 1222 439 Οοιιυὲνεατ,
1255 368 1411 429 clade
1442 367 1633 430 subita
1662 367 1985 447 frangatur
2011 387 2138 439 sua,

897 452 971 516 Ut
1000 453 1107 515 illa
1133 454 1209 515 ad
1236 452 1382 515 alios
1411 453 1561 514 dicta
1588 464 1643 513 et
1662 464 1965 533 praecepta
1995 454 2283 516 amcitiam.

649 539 811 601 Haec
840 558 976 600 cum
1022 539 1355 618 disputant,
1398 540 1517 600 hoc
1558 540 1801 600 student
1843 539 2109 612 efficere,
2153 548 2399 600 naturae
2430 539 2640 601 obsisti

480 624 644 686 nullo
700 626 877 689 modo
935 643 1129 706 posse,
1196 633 1256 684 et
1312 635 1509 685 tamen
1568 625 1831 684 fatentur
1884 624 2181 701 graviores
2238 624 2641 704 aegritudines

478 710 730 790 suscipi,
778 728 953 790 quam
1000 719 1210 770 natura
1250 719 1440 788 cogat.
1502 708 1665 780 Quae
1707 717 1798 770 est
1836 708 2015 786 igitur
2056 709 2356 771 amentia?
2414 720 2483 772 ut
2524 729 2636 772 nos
2679 723 2711 774 5

375 808 402 823 ·
478 788 719 874 quoque
747 796 904 856 idem
935 794 1008 856 ab
1037 795 1152 856 illis
1180 795 1574 873 requiramus.
1635 795 1749 855 Sed
1780 795 1982 874 plures
2027 804 2169 856 sunt
2200 812 2410 858 causae
2448 796 2637 858 susci-

477 879 679 958 piendi
721 880 961 942 doloris.
1034 881 1297 941 Primum
1328 880 1425 940 illa
1470 879 1673 958 opinio
1715 880 1886 963 mali,
1930 898 2051 959 quo
2107 881 2231 942 viso
2278 891 2455 960 atque
2497 900 2636 960 per-

475 983 647 1027 suaso
705 966 1012 1046 aegritudo
1078 964 1413 1043 insequitur
1468 965 1838 1039 necessari03
1888 964 2103 1026 deinde
2168 967 2345 1027 etiam
2404 975 2634 1046 gratum

477 1051 726 1113 mortuis
754 1070 818 1113 se
847 1052 1073 1123 facere,
1115 1050 1165 1112 si
1196 1050 1453 1130 graviter
1480 1068 1583 1112 eos
1625 1050 1903 1128 lugeant,
1948 1049 2333 1112 arbitrantur.
2392 1052 2635 1113 Accedit

475 1136 818 1216 superstitio
842 1136 1149 1197 muliebris
1173 1136 1495 1214 quaedam3
1525 1136 1885 1197 existumant
1906 1136 2064 1196 enim
2089 1136 2178 1198 dis
2200 1136 2633 1198 immortalibus
2680 1152 2737 1204 ιο

474 1239 539 1282 se
568 1221 797 1284 facilius
827 1222 967 1284 satis
995 1222 1287 1293 facturos,
1333 1222 1381 1282 si
1414 1238 1622 1281 eorum
1667 1221 1837 1301 plaga
1881 1220 2140 1300 perculsi
2182 1222 2446 1283 adflictos
2478 1240 2541 1283 se
2571 1233 2632 1283 et

468 1316 685 1368 stratos
713 1326 842 1370 esse
872 1309 1184 1369 fateantur.
1244 1306 1357 1368 Sed
1387 1307 1535 1367 haec
1563 1305 1721 1367 inter
1777 1325 1841 1368 se
1871 1324 2048 1386 quam
2085 1318 2427 1386 repugnent
2454 1307 2636 1387 pleri-

472 1410 590 1470 que
621 1412 746 1455 non
774 1393 994 1454 vident.
1055 1393 1326 1453 Laudant
1347 1392 1509 1452 enim
1540 1410 1664 1465 eos,
1693 1392 1796 1470 qui
1825 1409 2017 1471 aequo
2039 1392 2237 1453 animo
2268 1392 2631 1467 moriantur;

472 1478 574 1556 qui
603 1478 845 1539 alterius
875 1486 1125 1539 mortem
1168 1496 1359 1556 aequo
1388 1476 1589 1538 animo
1621 1478 1853 1550 ferant,
1902 1495 2005 1539 eos
2033 1485 2247 1556 putant
2284 1477 2632 1557 vituperan-

470 1564 596 1624 dos.
681 1561 860 1633 Quasi
891 1563 1018 1625 fieri
1062 1563 1182 1624 ullo
1222 1562 1399 1623 modo
1444 1562 1663 1642 possit,
1713 1562 1874 1640 quod
1912 1562 1972 1622 in
2026 1562 2310 1624 amatorio
2351 1581 2632 1625 sermone
2678 1578 2737 1629 15

467 1648 584 1708 dici
613 1649 793 1723 solet,
841 1658 908 1710 ut
936 1647 1248 1727 quisquam
1294 1647 1432 1726 plus
1473 1647 1722 1709 alterum
1751 1648 1953 1727 diligat
1993 1665 2173 1726 quam
2216 1666 2299 1709 se.
2357 1648 2633 1709 Praecla-

471 1751 606 1793 rum
637 1733 780 1794 illud
812 1743 901 1794 est
929 1742 1006 1805 et,
1037 1734 1087 1794 si
1120 1733 1372 1811 quaeris,
1404 1745 1637 1793 rectum
1668 1750 1909 1812 quoque
1933 1742 1993 1794 et
2019 1750 2244 1806 verum,
2275 1742 2343 1793 ut
2372 1751 2493 1806 eos,
2525 1734 2632 1812 qui

470 1816 646 1880 nobis
675 1818 958 1880 carissimi
992 1837 1122 1880 esse
1155 1817 1432 1890 debeant,
1463 1835 1651 1896 aeque
1681 1836 1750 1879 ac
1781 1826 2016 1880 nosmet
2043 1818 2206 1898 ipsos
2234 1836 2499 1880 amemus
2510 1837 2527 1894 ;
2561 1829 2632 1880 ut
2825 1838 2826 1891 ι

467 1920 608 1964 vero
639 1902 774 1983 plus
794 1949 811 1977 ,
855 1902 983 1964 fieri
1015 1903 1181 1963 nullo
1211 1912 1385 1982 pacto
1416 1911 1633 1982 potest.
1692 1903 1780 1964 Ne
1810 1904 2136 1983 optandum
2179 1902 2418 1982 quidem
2443 1914 2533 1965 est
2564 1904 2628 1964 in

468 1986 720 2049 amicitia
755 1998 822 2048 ut
850 2006 945 2049 me
974 1988 1072 2048 ille
1096 1987 1230 2067 plus
1261 2005 1437 2066 quam
1468 2007 1562 2061 se,
1610 2006 1720 2067 ego
1751 1988 1917 2049 illum
1949 1988 2083 2069 plus
2113 2007 2291 2069 quam
2319 2007 2442 2065 me;
2487 2007 2629 2068 per·
2676 2004 2735 2056 20

470 2071 730 2135 turbatio
760 2073 930 2148 vitae,
960 2073 1009 2135 si
1042 2073 1121 2134 ita
1151 2073 1246 2145 sit,
1282 2080 1462 2153 atque
1493 2073 1827 2134 officiorum
1860 2071 2126 2135 omnium
2156 2082 2579 2152 consequatur.

542 2237 615 2291 Τὰ
649 2236 824 2292 πολλὰ
848 2236 1060 2309 φροῦδα
1092 2242 1185 2290 καὶ
1219 2235 1398 2292 καλῶς
1420 2238 1492 2291 εἰ-
1594 2241 1648 2292 in
1672 2241 2037 2306 fibertragener
2053 2240 2359 2307 Bedeutung
2377 2256 2474 2293 nur
2491 2257 2627 2306 pro·

936 2311 1092 2374 μένα.

464 2373 561 2427 Der
584 2374 891 2429 Ubersetzer
911 2378 981 2429 ist
1006 2376 1141 2428 wohl
1170 2376 1275 2428 Cic.
1308 2376 1489 2428 selbst.

533 2448 579 2497 1.
600 2449 894 2500 convertat.
936 2444 1035 2497 Der
1046 2443 1231 2496 Modus
1241 2444 1312 2496 ist
1329 2443 1489 2496 durch

462 2510 559 2563 den
579 2511 730 2578 Konj.
746 2512 838 2564 des
851 2513 1292 2580 ubergeordneten
1308 2510 1489 2564 Satzes

459 2577 768 2645 frangatur.
802 2581 1127 2643 beeinflutst,
1180 2581 1281 2632 wie
1327 2579 1487 2632 often-s

461 2648 592 2700 auch
606 2650 688 2701 bei
709 2649 812 2700 Cic.
838 2650 1031 2701 selbst'
1016 2666 1070 2701 ιιι
1088 2648 1489 2713 Relativsi‘itzen,

457 2716 565 2782 vgl.
604 2715 662 2768 V.
703 2720 783 2781 12,
820 2720 909 2771 35:
948 2720 1249 2769 haberetur.

528 2786 576 2835 2.
619 2786 902 2851 excidant,
945 2785 993 2838 d.
1029 2785 1063 2838 i.
1106 2785 1171 2835 de
1212 2787 1488 2839 memoria.

528 2855 575 2904 5.
612 2851 762 2914 Quae
794 2882 862 2891 —
899 2856 1168 2904 amentia?
1207 2852 1275 2903 im
1317 2850 1488 2904 Ruck·

458 2918 599 2970 blick
633 2919 726 2970 auf
756 2920 888 2984 Quis
922 2926 1031 2972 tam
1066 2921 1277 2971 demens
1310 2926 1408 2972 cet.

528 2988 575 3038 6.
604 2986 711 3037 Sed
733 2988 922 3053 plures
945 2993 1041 3040 cet.
1091 2989 1194 3042 Cic.
1213 2987 1486 3055 widerlegt

457 3069 560 3105 nun
621 3054 704 3106 die
763 3056 1029 3108 einzelnen
1076 3055 1483 3133 Behauptungen

457 3122 548 3173 der
570 3121 767 3187 Perip„
813 3124 1061 3176 zunachst
1097 3127 1129 3190 ξ
1164 3127 1227 3177 72
1276 3125 1395 3176 und
1418 3128 1483 3179 73

458 3189 557 3254 die,
582 3190 695 3243 dass
713 3162 839 3243 aller
859 3191 1098 3245 Schmerz
1116 3199 1281 3246 etwas
1299 3191 1485 3245 Natur-

454 3259 616 3312 licbes
651 3260 815 3323 (nicht
836 3260 982 3313 bloss
1019 3262 1109 3313 auf
1132 3261 1223 3314 der
1257 3261 1484 3314 Vorstel-

452 3327 580 3394 lung
602 3327 952 3393 Beruhendes)
982 3330 1074 3382 sei.

536 3400 585 3449 7.
639 3413 744 3463 quo
791 3437 805 3452 .
855 3435 868 3449 .
905 3413 1183 3465 persuaso.
1265 3396 1377 3463 Vgl.
1428 3398 1482 3450 ll.

455 3468 538 3531 20,
584 3468 678 3518 47:
733 3467 878 3532 quad
921 3469 971 3516 ,η’
1017 3468 1118 3518 tibi
1162 3482 1483 3532 persuasum

454 3541 544 3585 est.
627 3532 726 3585 Der
771 3535 888 3587 Abl.
918 3534 1111 3599 jedoch
1158 3535 1227 3586 ist
1262 3549 1358 3585 nur
1402 3535 1482 3586 in-

453 3601 593 3667 folge
641 3602 782 3653 einer
810 3601 1107 3654 Attraktion
1132 3617 1197 3653 zu
1220 3603 1333 3689 vico
1369 3602 1482 3653 hin-

453 3669 700 3735 zugesiigt
735 3669 962 3723 worden.

463 3740 470 3747 '
523 3740 569 3790 8.
616 3737 806 3788 άείηᾱε
838 3775 853 3790 .
890 3774 905 3790 .

453 3805 536 3864 22,
574 3805 657 3857 52.

524 3874 604 3925 12.
627 3876 843 3924 stratos,
886 3870 1043 3924 Sonst
1060 3872 1257 3926 kommt
1275 3874 1358 3927 bei
1379 3875 1481 3927 Cic.

953 3739 1322 3801 arbitrantur,
1375 3737 1482 3804 vgl.

1589 2314 1795 2360 stratus
1817 2324 1927 2375 vor,
1961 2311 2063 2360 wie
2097 2309 2161 2361 de
2185 2324 2261 2363 or.
2293 2309 2350 2362 11.
2389 2310 2471 2374 52,
2499 2311 2630 2363 211;

1592 2378 1814 2440 adflicta
1845 2383 1898 2427 et
1930 2382 2207 2443 prostrata
2233 2380 2408 2428 virtus
2448 2383 2632 2429 maari-

1589 2461 1672 2495 me
1707 2446 1953 2505 luctuosa
1986 2450 2079 2496 est.
2115 2444 2233 2511 Vgl.
2262 2444 2454 2510 jedoch
2491 2447 2628 2499 auch

1596 2516 1674 2576 11,
1712 2515 1802 2565 24:
1841 2516 2039 2564 citetur
2073 2517 2199 2565 statt
2233 2517 2516 2564 excitetur.

1657 2583 1805 2632 inter
1836 2598 1893 2632 se
1926 2581 2028 2646 (sur
2050 2581 2147 2633 den
2178 2580 2328 2632 Dativ
2362 2582 2453 2633 des
2476 2580 2630 2634 Reci-

1590 2653 1873 2849 ξ’ἔιξξὲἒξξ.
1914 2665 2075 2768 352⁴?ss
2110 2655 2477 2783 ..2⁶35ssssssss
2512 2649 2624 2785 {1⁰

1662 2856 1741 2907 16.
1770 2856 1899 2920 plus
1929 2881 1999 2892 —
2033 2854 2254 2919 diligat,
2301 2853 2403 2905 wie
2449 2853 2624 2918 gleich

1590 2922 1815 2973 nachher
1862 2925 1926 2971 ut
1980 2938 2102 2973 vero
2148 2922 2276 2987 plus
2326 2925 2622 2986 (ammaus),

1586 2990 1668 3041 ffir
1699 2992 1901 3056 magis,
1947 2990 2049 3042 wie
2095 3004 2212 3041 man
2248 2989 2380 3041 auch
2413 2990 2483 3041 im
2519 2988 2621 3042 Po-

1585 3058 1709 3110 sitiv
1742 3073 1899 3124 sagen
1936 3057 2099 3109 kann.
2134 3056 2363 3108 multum
2387 3059 2621 3124 aliquem

1586 3126 1824 3210 diligere·
1850 3128 2090 3191 (amare).

1660 3197 1739 3248 17.
1773 3197 1824 3244 εἰ
1847 3198 2078 3261 quaeris,
2110 3188 2360 3259 eigentlf
2368 3208 2521 3246 wenn
2548 3194 2619 3246 du

1585 3261 1671 3314 die
1707 3262 1871 3314 Sache
1918 3262 2062 3313 recht
2094 3256 2478 3325 untersuchst',
2527 3261 2620 3313 da·

1586 3324 1739 3382 her:‘
1748 3347 1830 3382 um
1870 3330 2140 3396 aufrichtig
2176 3345 2240 3380 zu
2274 3331 2404 3391 sein,
2438 3329 2491 3381 in
2525 3329 2620 3382 der

1585 3391 1753 3451 That'.
1825 3397 1896 3450 So
1932 3399 2087 3450 auch.
2121 3400 2172 3448 si
2205 3399 2532 3464 quaerimus,
2567 3401 2620 3448 si

1583 3483 1770 3517 verum
1784 3469 2015 3532 quaeris,
2033 3469 2616 3532 vmmsiqaaerimus.

1652 3541 1705 3585 et
1737 3551 1937 3600 verum,
1974 3549 2016 3585 8.
2051 3550 2115 3586 zu
2141 3537 2224 3598 27,
2248 3537 2339 3593 64ς
2376 3539 2442 3585 ut
2464 3534 2619 3601 folgt,

1585 3603 1705 3654 weil
1726 3574 2248 3668 dasVor'hergehende
2266 3602 2364 3653 den
2385 3601 2509 3653 Sinn
2523 3602 2619 3655 hat

1583 3686 1689 3723 von
1724 3672 2011 3722 Praeclare
2058 3675 2109 3721 et
2142 3675 2285 3721 recte
2320 3686 2527 3736 quoque
2565 3677 2620 3722 et

1583 3756 1708 3791 vere
1722 3739 1801 3801 fit
1831 3738 1944 3805 Vgl.
1970 3742 2053 3804 31,
2073 3742 2164 3791 75.
2191 3739 2517 3791 Additur—
2534 3744 2616 3792 ut.

1654 3811 1738 3861 21.
1784 3811 2165 3873 consequatur,
2218 3807 2362 3872 Conj.
2415 3812 2618 3872 potent.

1584 3861 1837 3941 I‘Jbrigens
1872 3876 1977 3942 vgl.
2011 3875 2047 3926 1.
2087 3878 2168 3942 16,
2203 3877 2286 3929 36.
