2834 4317
485 166 610 228 124
1140 168 1330 226 LIBER
1366 168 1428 223 V.
1467 173 1548 235 13,
1566 172 1647 224 39.
1668 173 1751 224 40.
1790 173 1870 232 14,
1891 172 1973 223 40.

482 343 569 405 vis
611 341 797 422 ipsius
838 350 1083 404 naturae
1126 342 1386 422 perspici
1433 351 1645 421 potest.
1713 342 1977 422 Namque
2019 343 2158 406 alias
2187 341 2404 405 bestias
2435 343 2635 403 nantis

485 445 771 507 aquarum
823 427 1048 490 incolas
1099 446 1227 490 esse
1277 427 1489 503 voluit,
1542 428 1683 490 alias
1730 428 2002 490 volucres
2053 428 2213 490 caelo
2266 427 2385 489 frui
2425 427 2635 501 libero,

485 512 779 593 serpentis
835 513 1147 591 quasdam,
1202 512 1482 592 quasdam
1527 532 1657 576 esse
1701 513 2054 591 gradientis3
2117 531 2322 576 earum
2371 512 2635 591 ipsarum

484 597 699 678 partim
740 597 1050 677 solivagas,
1095 599 1309 677 partim
1360 606 1774 679 congregatas,
1817 599 2091 660 immanis
2141 599 2308 673 aIiaS,
2352 598 2635 677 quasdam

485 692 677 745 autem
710 682 970 756 cicures,
1001 701 1126 744 non
1159 683 1351 745 nullas
1379 684 1603 746 abditas
1630 693 1910 762 terraque
1940 693 2144 746 tectas.
2210 683 2403 762 Atque
2432 701 2637 745 earum
2674 694 2703 744 5

485 784 760 848 quaeque
800 786 975 830 suum
1022 775 1235 830 tenens
1274 787 1525 843 munus,
1571 787 1706 831 cum
1738 769 1801 830 in
1834 768 2083 848 disparis
2112 768 2429 830 animantis
2459 767 2633 830 vitam

486 853 740 915 transire
765 871 887 914 non
912 852 1117 932 possit,
1147 861 1348 915 manet
1369 854 1433 915 in
1456 853 1587 934 lege
1611 862 1875 916 naturae.
1921 854 1997 915 Et
2024 862 2093 914 ut
2120 853 2322 915 bestiis
2353 852 2510 915 aliud
2540 852 2638 914 alii

488 937 792 1019 praecipui
837 956 870 998 a
913 947 1121 999 natura
1165 938 1365 1000 datum
1410 946 1531 1014 est,
1575 938 1739 1018 quod
1766 957 1942 1001 suum
1972 957 2245 1019 quaeque
2273 938 2494 1000 retinet
2522 956 2635 999 nec

489 1022 735 1086 discedit
757 1022 831 1084 ab
855 1040 947 1095 eo,
977 1023 1063 1085 sic
1086 1023 1312 1086 bomini
1335 1025 1519 1086 multo
1553 1024 1831 1104 quiddam
1861 1023 2292 1104 praestantius;
2324 1023 2436 1086 etsi
2463 1041 2635 1103 prae-

487 1107 702 1170 stantia
733 1106 953 1170 debent
982 1127 1050 1170 ea
1081 1108 1214 1184 dici,
1247 1128 1396 1189 quae
1428 1110 1647 1171 habent
1674 1109 1926 1189 aliquam
1961 1109 2495 1189 comparationem,
2526 1109 2636 1169 hu·
2678 1119 2731 1171 1⁰

490 1212 702 1256 manus
742 1202 937 1255 autem
979 1194 1212 1256 animus
1256 1197 1572 1274 decerptus
1603 1213 1675 1256 ex
1703 1204 1906 1257 mente
1935 1194 2128 1257 divina
2158 1211 2298 1255 cum
2326 1194 2439 1255 alio
2473 1193 2637 1254 nullo
2791 1231 2792 1260 ι

383 1286 443 1338 39
489 1278 604 1341 nisi
648 1296 784 1340 cum
827 1280 956 1359 ipso
988 1279 1098 1341 deo
1117 1326 1134 1354 ,
1178 1280 1229 1342 si
1257 1281 1374 1341 hoc
1402 1281 1492 1341 fas
1521 1288 1613 1342 est
1641 1280 1833 1354 dictu,
1877 1280 2210 1361 comparari
2237 1288 2451 1359 potest.
2525 1277 2639 1339 Hic

489 1364 673 1444 igitur
701 1364 751 1426 si
781 1374 871 1426 est
900 1366 1187 1439 excultus,
1219 1374 1279 1426 et
1307 1365 1356 1426 si
1386 1366 1514 1426 eius
1545 1365 1700 1427 acies
1729 1365 1811 1427 ita
1843 1375 2048 1427 curata
2077 1373 2196 1439 est,
2227 1373 2295 1425 ut
2324 1382 2401 1425 ne
2432 1381 2640 1425 caeca-

488 1458 654 1511 retur
683 1450 1004 1523 erroribus,
1042 1452 1109 1511 fit
1135 1451 1400 1530 perfecta
1429 1469 1620 1525 mens,
1651 1451 1712 1512 id
1743 1458 1833 1512 est
1860 1450 2128 1513 absoluta
2156 1450 2328 1523 ratio,
2358 1449 2520 1528 quod
2548 1458 2641 1511 est

484 1536 644 1597 idem
685 1535 888 1597 virtus.
957 1535 1050 1606 Et,
1081 1536 1134 1597 si
1164 1554 1341 1597 omne
1372 1535 1613 1597 beatum
1643 1544 1751 1610 est,
1795 1536 1889 1597 cui
1924 1535 2071 1597 nihil
2099 1536 2266 1597 deest
2293 1542 2354 1595 et
2381 1534 2543 1613 quod
2572 1534 2638 1595 in
2678 1544 2731 1596 15

487 1639 596 1682 suo
640 1637 861 1698 genere
907 1620 1207 1700 expletum
1255 1629 1435 1700 atque
1474 1621 1838 1683 cumulatum
1885 1629 2006 1696 est,
2052 1619 2229 1699 idque
2271 1619 2506 1680 virtutis
2548 1628 2642 1680 est

487 1705 829 1785 proprium,
882 1715 1044 1767 certe
1096 1723 1305 1767 omnes
1346 1705 1579 1769 virtutis
1622 1714 1928 1786 compotes
1972 1705 2129 1767 beati
2169 1713 2328 1767 sunt.
2408 1704 2485 1765 Et
2522 1705 2642 1766 hoc

489 1790 729 1868 quidem
770 1789 914 1850 mihi
944 1809 1077 1851 cum
1107 1791 1293 1852 Bruto
1323 1790 1631 1867 convenit,
1677 1791 1738 1852 id
1767 1799 1857 1853 est
1884 1809 2021 1852 cum
2050 1789 2395 1864 Aristotele,
2437 1788 2641 1851 Xeno-

286 1862 331 1924 ἴ·
382 1881 447 1933 40
490 1882 668 1947 crate,
700 1874 1052 1953 Speusippo,
1085 1875 1430 1937 Polemone.
1477 1877 1588 1939 Sed
1613 1876 1760 1938 mihi
1787 1875 2062 1937 videntur
2091 1876 2267 1937 etiam
2296 1874 2640 1938 beatissimi.

491 1958 644 2029 Quid
689 1957 848 2019 euim
897 1960 1062 2021 deest
1089 1959 1162 2020 ad
1194 1959 1363 2022 beate
1392 1962 1707 2023 vivendum
1736 1961 1821 2035 ei,
1866 1961 1967 2040 qui
1999 1960 2244 2022 confidit
2272 1960 2393 2022 suis
2421 1956 2643 2023 bonis?
2681 1969 2738 2020 20

491 2052 611 2118 aut,
642 2043 744 2122 qui
773 2043 1000 2118 diffidit,
1042 2043 1248 2107 beatus
1289 2065 1418 2108 esse
1462 2047 1564 2126 qui
1607 2044 1846 2126 potest?
1893 2048 1968 2108 At
1997 2046 2236 2107 diffidat.
2263 2063 2509 2107 neccsse
2531 2053 2639 2120 est,

384 2131 459 2186 14
493 2127 597 2209 qui
636 2128 797 2198 bona
825 2128 1027 2191 dividit
1053 2129 1368 2210 tripertito.
1429 2130 1547 2203 Qui
1577 2132 1738 2193 enim
1769 2131 1991 2211 poterit
2020 2141 2121 2193 aut
2150 2131 2425 2210 corporis
2452 2130 2640 2191 firmi-

486 2224 606 2276 tate
650 2223 752 2277 aut
793 2215 1067 2276 fortunae
1109 2215 1425 2278 stabilitate
1466 2213 1808 2278 confidere?
1855 2217 2034 2295 Atqui
2067 2216 2181 2279 nisi
2210 2214 2402 2278 stabili
2431 2223 2494 2276 et
2520 2216 2640 2276 fixo

487 2308 546 2360 et
584 2308 973 2378 permanente
1014 2300 1176 2362 bono
1222 2299 1433 2363 beatus
1480 2320 1608 2363 esse
1655 2319 1831 2363 nemo
1862 2309 2078 2381 potest.
2152 2300 2305 2372 Quid
2338 2317 2481 2379 ergo
2514 2301 2642 2361 eius

487 2385 646 2446 modi
693 2384 941 2447 istorum
987 2383 1124 2452 est?
1169 2395 1235 2447 ut
1277 2387 1420 2449 mihi
1466 2386 1722 2449 Laconis
1765 2386 1907 2448 illud
1939 2387 2165 2448 dictum
2194 2387 2257 2447 in
2289 2387 2399 2447 hos
2431 2386 2645 2447 cadere
2683 2394 2737 2445 25

485 2470 782 2546 videatur,
827 2470 929 2551 qui
979 2471 1258 2550 glorianti
1286 2472 1517 2533 cuidam
1548 2471 1893 2545 mercatori,
1938 2471 2096 2551 quod
2141 2471 2355 2532 multas
2384 2470 2552 2533 navis
2579 2470 2644 2530 in

558 2590 583 2638 1
593 2627 605 2640 .
623 2589 708 2637 vis
723 2588 896 2652 ipsius
912 2580 1259 2639 naturae‘die
1273 2585 1515 2640 Tendenz

486 2654 574 2707 der
598 2647 806 2719 Natur’,
842 2655 1061 2706 niimlich
1098 2655 1211 2708 dass
1241 2655 1391 2721 jedes
1416 2655 1516 2709 Ge·

487 2722 674 2803 scliopl'
717 2722 770 2774 in
816 2724 985 2775 seiner
1024 2724 1118 2774 Art
1162 2722 1518 2777 vollkommen

488 2806 578 2843 sei.

566 2860 615 2910 6.
672 2872 911 2923 quaeque
961 2871 1147 2922 suum,
1200 2858 1519 2940 ungewohn-

487 2925 622 2976 liche
641 2924 1039 3006 §Nortstellunffl
1063 2940 1259 2975 munus
1302 2924 1520 2979 Bestim-

489 3008 681 3058 mung.

559 3062 606 3115 8.
652 3059 797 3126 quod
816 3087 884 3098 —-
908 3061 1107 3111 retinet
1149 3076 1245 3112 nec
1289 3063 1515 3115 discedit

486 3131 553 3180 ab
590 3143 670 3193 eo,
704 3142 745 3179 s.
780 3130 831 3194 3,
858 3130 887 3181 8
922 3143 986 3181 zu
1022 3145 1258 3195 eumque.

553 3200 601 3250 9.
639 3199 752 3260 etsi,
789 3211 830 3248 ε.
865 3212 927 3249 zu
949 3197 983 3250 1.
1008 3198 1092 3259 42,
1118 3200 1201 3251 99.
1261 3197 1353 3261 (80
1378 3198 1511 3251 auch

486 3267 696 3317 tametsi
729 3280 780 3332 p.
814 3263 966 3318 Rosc.
1001 3267 1115 3319 Am.
1150 3269 1235 3333 40,
1274 3269 1367 3319 118
1405 3266 1512 3318 und

486 3335 736 3398 43,1240

555 3405 634 3456 10.
672 3403 868 3453 habent
899 3405 1374 3469 comparationem,
1411 3403 1513 3455 wie

483 3469 566 3522 lv.
605 3472 690 3535 36,
714 3472 806 3522 77:
845 3471 1231 3522 dubitationem
1266 3473 1476 3522 habere.

557 3541 636 3592 11.
674 3539 951 3603 decerptus
986 3555 1056 3589 ex
1090 3546 1260 3589 mente
1306 3540 1512 3604 divina,

483 3601 588 3656 ‘ein
622 3605 853 3657 Ausflut's
889 3600 999 3667 —’;
1039 3621 1098 3658 so
1135 3606 1266 3659 auch
1301 3606 1409 3657 Cat.
1444 3605 1513 3661 M.

489 3673 571 3736 21,
608 3674 700 3725 78:
750 3675 882 3738 quin
930 3691 999 3725 eoe
1041 3677 1297 3725 universa
1341 3679 1515 3725 mente

488 3740 675 3791 divina
688 3740 943 3792 delibatos
956 3744 1162 3793 animos⁸
1182 3742 1512 3795 haberemus.

486 3806 560 3859 De
596 3805 698 3859 div.
733 3806 769 3858 1.
795 3810 878 3872 49,
913 3811 1009 3861 110
1049 3809 1227 3861 steben
1265 3809 1347 3861 die
1381 3811 1514 3862 Aus-

487 3874 678 3926 drficke
736 3876 959 3926 haustus
1021 3877 1124 3927 und
1182 3876 1395 3929 libatus.
1445 3905 1514 3915 —-

1617 2587 1852 2641 Stoische
1882 2588 2060 2654 Lehre,
2096 2587 2339 2640 wahrend
2373 2586 2524 2639 Plato
2561 2585 2648 2638 die

1616 2655 1960 2709 menschliche
2004 2655 2154 2709 Seele
2205 2670 2298 2708 aus
2347 2654 2649 2707 demselben

1619 2722 1783 2776 Stoffe
1818 2724 1920 2775 wie
1964 2723 2046 2776 die
2081 2722 2387 2788 Weltseele‚
2433 2724 2560 2775 aber
2592 2723 2647 2773 in

1618 2791 1907 2910 gel-fingeret
1917 2791 2168 2859 Reinheit,
2188 2791 2419 2858 gebildet
2436 2791 2648 2843 werden

1617 2860 1668 2911 la
1692 2863 1756 2912 st.

1691 2930 1770 2980 13.
1807 2932 1872 2978 ut
1903 2944 1986 2993 ne,
2020 2942 2062 2979 S.
2098 2944 2159 2979 zu
2196 2927 2231 2979 1.
2269 2929 2352 2992 32,
2379 2929 2461 2980 78.

1692 2998 1773 3048 14.
1823 2996 2066 3046 absoluta
2100 2998 2263 3058 ratio,
2300 2995 2404 3061 vgl.
2440 2992 2526 3046 IV.
2567 2996 2649 3059 15,

1621 3066 1712 3116 34:
1749 3068 1895 3113 recta
1929 3065 2091 3117 ratio.

1633 3199 1671 3249 d
1683 3131 1827 3197 quod
1845 3135 1924 3182 est
1938 3132 2096 3196 idem,
2121 3146 2212 3182 zur
2228 3129 2652 3196 Abwechselung

1609 3203 1633 3250 i
1712 3204 1804 3251 est.

1683 3268 1763 3318 16.
1811 3266 2084 3332 expletum
2118 3270 2280 3332 atque
2316 3264 2652 3317 cumulatum

1603 3326 1978 3387 ‘vollkommen
2001 3334 2105 3387 und
2131 3350 2259 3401 ganz
2290 3325 2654 3400 vollstfindig'‚

1614 3402 1663 3454 d.
1690 3402 1739 3456 h.
1768 3396 2003 3455 ‘absolut
2041 3393 2436 3454 vollkommen’.
2508 3389 2653 3453 Uber

1615 3471 1920 3589 Aristoteles
1955 3486 1996 3522 s.
2025 3486 2089 3523 zu
2114 3470 2149 3522 1.
2174 3474 2225 3534 4,
2250 3474 2297 3535 7,
2323 3469 2405 3521 die
2426 3470 2653 3535 ubrigen

1665 3576 1676 3589 .
1708 3542 1787 3603 10,
1809 3541 1892 3593 30.

1679 3610 1757 3661 19.
1774 3609 2068 3659 beatissimi
2076 3599 2450 3658 ‘vollkommen
2463 3605 2652 3670 gltick-

1617 3670 1791 3741 selig'3
1829 3676 1962 3727 deon
2001 3674 2081 3727 die
2126 3677 2345 3726 virtutis
2380 3679 2654 3739 compotes

1616 3742 1730 3807 qiud
1767 3742 1910 3795 nicht
1943 3758 2038 3794 nur
2087 3742 2182 3795 frei
2228 3758 2331 3794 von
2361 3741 2653 3808 jeglichem

1615 3808 1748 3862 Ubel
1783 3812 2003 3876 40—43,
2045 3811 2268 3863 sondern
2302 3811 2378 3862 sie
2412 3809 2652 3862 besitzen

1617 3878 1748 3929 auch
1785 3877 1876 3930 das
1912 3878 2110 3945 einzige
2148 3877 2248 3931 Gut
2287 3880 2506 3933 43—51.
