2834 4317
962 176 1150 228 menn
1186 177 1223 230 1.
1262 180 1345 244 24,
1382 181 1605 233 ενι-59.

2273 180 2353 237 65

194 369 318 411 rare
348 369 415 412 se
447 369 574 412 non
598 360 724 412 tum
755 349 856 410 illa
877 349 1124 425 discere,
1157 350 1261 411 sed
1291 349 1735 412 reminiscendo
1758 369 2211 431 recognoscere,
2240 371 2352 414 nec

193 455 321 497 vero
352 435 486 496 fieri
519 435 638 497 ullo
669 436 849 497 modo
878 454 1056 515 posse
1085 445 1153 497 ut
1182 454 1214 496 a
1247 436 1450 515 pueris
1480 445 1572 497 tot
1613 454 1813 497 rerum
1845 445 2021 515 atque
2052 446 2349 498 tantarum

193 521 390 582 insitas
437 528 502 582 et
544 521 710 600 quasi
756 520 1133 600 consignatas
1174 520 1237 581 in
1284 521 1497 583 animis
1543 521 1849 595 notioneS,
1899 540 2044 601 quas
2090 517 2352 598 ἐννοίας

188 613 413 680 vocant,
445 606 821 682 halssremus,
856 606 969 667 nisi
999 606 1253 680 animuS,
1284 615 1424 668 ante
1455 623 1630 685 quam
1653 606 1715 666 in
1743 625 1965 687 corpus
1995 607 2347 683 intravisset,

130 703 153 750 5
188 691 242 751 in
274 710 479 751 rerum
513 691 856 771 cognitione
883 691 1182 770 viguisset.
1258 690 1527 771 Cumque
1560 691 1708 752 nihil
1739 700 1911 765 esset,
1959 700 2026 752 ut
2071 693 2349 754 omnibus

187 775 325 838 locis
355 795 388 836 a
421 777 670 837 Platone
701 776 1009 838 disseritur
1032 810 1108 821 —
1141 776 1290 837 nihil
1320 777 1482 838 enim
1513 776 1611 837 ille
1642 784 1811 855 putat
1841 796 1969 838 esse
2001 778 2158 857 quod
2192 779 2350 839 oria-

187 870 280 922 tur
309 870 368 923 et
398 862 677 935 intereat,
709 860 887 941 idque
911 860 1103 922 solum
1126 880 1274 937 esse,
1306 862 1469 941 quod
1499 880 1738 941 semper
1758 862 1874 924 tale
1899 862 1991 934 sit,
2018 863 2189 942 quale
2220 873 2311 925 est
2327 881 2345 939 ;

191 942 364 1011 ἰδέαν
411 947 672 1026 appellat
701 947 818 1025 ille,
868 966 979 1008 nos
1008 946 1268 1026 speciem
1300 980 1403 1021 —-,
1450 966 1573 1008 non
1618 948 1814 1026 potuit
1844 950 2076 1009 animus
2104 949 2252 1010 haec
2287 950 2347 1010 in

1096 1015 1151 1065 V

191 1032 719 1112 corporeinclusus
732 1032 1119 1110 adgnoscere,
1135 1033 1374 1111 cognita
1387 1032 1612 1094 attulit:
1641 1051 1711 1093 ex
1738 1041 1999 1112 quotam
2023 1034 2346 1095 multarum

114 1125 156 1174 10
191 1135 381 1178 rerum
429 1117 793 1196 cognitionis
836 1117 1144 1178 admiratio
1187 1117 1436 1179 tollitur.
1490 1118 1696 1197 Neque
1727 1137 1794 1180 ea
1828 1117 2000 1198 plane
2031 1119 2186 1180 videt
2215 1122 2344 1182 ani-

193 1220 330 1278 mus,
375 1221 516 1263 cum
550 1211 798 1283 repente
828 1202 890 1263 in
921 1211 1040 1262 tam
1083 1202 1391 1264 insolitum
1433 1210 1674 1282 tamque
1709 1203 2123 1283 perturbatum
2155 1205 2345 1267 domi-

194 1287 378 1349 cilium
437 1287 810 1366 inmigravit,
857 1286 992 1362 sed,
1037 1307 1174 1349 cum
1219 1307 1282 1349 se
1326 1287 1589 1366 conlegit
1632 1298 1809 1367 atque
1852 1290 2170 1364 recreavit,
2217 1300 2342 1351 tum

193 1372 488 1451 adgnoscit
517 1372 615 1434 illa
645 1372 1100 1434 reminiscendo.
1148 1372 1232 1433 lta
1263 1372 1412 1432 nihil
1437 1383 1525 1433 est
1548 1372 1704 1433 aliud
1729 1372 1956 1434 discere
1989 1374 2102 1434 nisi
2133 1392 2338 1435 recor-

193 1456 322 1519 dari.
367 1458 498 1537 Ego
530 1468 727 1519 autem
752 1459 974 1519 maiore
1001 1459 1176 1519 etiam
1200 1456 1455 1536 quodam
1486 1458 1665 1518 modo
1692 1458 2033 1518 memoriam
2057 1459 2338 1535 admiror,

121 1548 161 1597 15
198 1540 338 1613 Quid
369 1552 462 1605 est
506 1543 666 1604 enim
709 1543 876 1618 illud,
923 1562 1041 1623 quo
1087 1542 1489 1622 meminimus,
1534 1551 1637 1604 aut
1683 1562 1857 1622 quam
1889 1543 2070 1604 habet
2097 1544 2213 1604 vim
2243 1554 2346 1607 aut

193 1628 338 1690 unde
370 1626 615 1690 natam?
660 1628 792 1689 Non
826 1647 1047 1707 quaero
1079 1636 1302 1707 quanta
1345 1629 1629 1688 memoria
1661 1629 1997 1690 Simonides
2040 1630 2223 1691 fuisse
2255 1630 2343 1691 di-

193 1722 364 1787 catur,
398 1724 625 1793 quanta
655 1713 1043 1789 Theodectes,
1075 1721 1295 1793 quanta
1326 1713 1395 1787 is,
1433 1713 1534 1792 qui
1566 1732 1600 1774 a
1631 1713 1861 1794 Pyrrho
1893 1714 2123 1793 legatus
2152 1715 2223 1775 ad
2255 1735 2348 1777 se-

253 1882 298 1933 3.
362 1885 610 1934 ἐννοίαε.
683 1879 775 1932 Die
845 1879 1053 1934 Stoiker
1122 1880 1212 1932 be-

193 1948 478 2001 zeichneten
504 1950 601 2001 mit
624 1949 817 2002 diesem
835 1948 1105 2001 Ausdruck
1129 1948 1211 2001 die

192 2013 441 2069 Produkte
479 2016 569 2068 der
605 2017 894 2069 sinnlichen
929 2015 1212 2069 Wahrneh-

191 2097 426 2151 mungeri,
476 2086 599 2137 aber
652 2085 837 2137 daraus
884 2085 1017 2150 folgt
1053 2085 1213 2150 nicht,

193 2150 292 2205 dass
326 2153 408 2205 die
448 2152 749 2206 Platoniker
795 2153 1038 2205 darunter
1073 2153 1214 2205 nicht

191 2218 412 2274 desselbe
422 2220 754 2286 verstanden,
774 2237 883 2273 was
903 2225 1050 2274 sonst
1063 2221 1211 2273 Plato

192 2283 303 2339 ἰδέα
334 2293 514 2341 neunt.
573 2288 905 2355 Weuigstens
928 2290 1020 2341 hat
1044 2289 1212 2341 dieser

191 2356 342 2409 selbst
360 2373 416 2410 es
438 2357 646 2423 gethan,
664 2359 770 2424 vgl.
790 2356 989 2412 Phileb.
1003 2373 1053 2424 p.
1068 2360 1132 2410 59
1146 2356 1209 2408 D:

191 2426 246 2475 iv
269 2436 385 2477 ταῖς
407 2429 538 2494 περὶ
565 2428 629 2476 τὸ
656 2427 721 2478 ὃν
757 2428 937 2480 ὅντως
959 2430 1210 2478 ἐννοίαις.

189 2488 333 2545 Jener
356 2493 631 2546 Ausdruck
667 2494 870 2546 hindert
905 2493 1016 2545 also
1052 2493 1210 2558 nicht,

189 2561 310 2612 auch
345 2562 459 2614 hier
493 2562 607 2613 eine
643 2560 1004 2614 akademische
1028 2560 1209 2622 Quelle

190 2630 551 2685 anzunehmen.

253 2699 299 2748 5.
343 2702 404 2749 in
470 2700 783 2762 cognitione
825 2698 1085 2762 viguisset
1135 2696 1211 2750 le-

190 2762 400 2833 bendige
432 2764 744 2818 Erkenntnis
779 2766 1024 2818 besessen
1047 2766 1207 2819 hatte.

191 2858 253 2870 —
294 2838 429 2885 esset
471 2857 532 2877 ===
584 2850 705 2885 vere
748 2838 884 2885 esset
934 2834 1004 2884 im
1052 2832 1210 2885 Sinne

191 2896 382 2964 platos,
419 2902 647 2953 welcher
682 2901 780 2953 den
817 2901 1210 2967 Gegensti'mden

193 2966 272 3019 der
289 2969 525 3022 ausseren
542 2969 960 3035 Wahruehmung
980 2984 1074 3021 nur
1096 2970 1210 3022 eine

195 3032 509 3104 Waudelung
532 3039 690 3104 (oriri
712 3037 816 3091 und
838 3040 1081 3103 interire)
1106 3037 1210 3089 und

195 3100 276 3168 das
294 3105 416 3157 Scin
443 3106 541 3158 den
566 3105 718 3158 Ideen
743 3106 898 3158 allein
924 3105 1209 3158 zuschrieb.

194 3168 436 3239 Uhrigens
487 3175 685 3226 euthalt
739 3174 906 3226 dieser
944 3173 1065 3225 Satz
1113 3173 1212 3226 den

195 3241 400 3293 zweiten
439 3241 551 3293 Teil
588 3242 680 3294 des
712 3240 1078 3295 Platonischen
1114 3241 1213 3294 Be-

197 3308 372 3362 weises
407 3309 572 3373 dafur,
609 3310 722 3361 dass
747 3310 838 3362 das
867 3310 1071 3362 Wissen
1097 3311 1211 3362 eine

197 3376 489 3444 ἀνάμνησις
522 3379 615 3442 sei,
654 3378 878 3430 welcher
912 3378 1094 3430 darauf
1124 3378 1212 3430 he·

195 3443 318 3508 ruht,
342 3445 457 3498 dass
495 3446 577 3498 die
597 3446 767 3511 ldeen,
795 3462 859 3498 an
889 3446 1088 3499 welche
1115 3447 1213 3498 wir

196 3508 344 3565 durch
379 3514 462 3565 die
486 3514 776 3566 sinulichen
802 3512 1213 3567 Wahrnehmun-

196 3592 283 3642 gen
329 3582 553 3634 erinnert
600 3582 837 3648 werden,
889 3583 940 3634 in
990 3598 1085 3635 uns
1131 3598 1212 3634 ur-

195 3649 482 3716 spriinglich
550 3651 848 3703 verbanden
907 3650 1012 3702 und
1071 3651 1214 3702 nicht

195 3715 548 3770 anderswoher
583 3733 872 3784 gewonnen
909 3719 1040 3771 sind.

257 3788 304 3838 Ἰ.
339 3786 516 3852 idque,
552 3802 595 3839 8.
621 3803 668 3841 z.
697 3790 781 3854 29,
806 3792 896 3840 71:
947 3788 1215 3839 adhibuit-

197 3866 314 3915 qae;
351 3855 507 3918 quale
541 3859 634 3918 est,
671 3856 774 3921 vgl.
805 3855 958 3910 Acad.
986 3855 1019 3907 Ι.
1048 3858 1096 3919 8,
1122 3858 1212 3907 30:

296 3943 444 3990 Cicero
469 3946 649 3991 Tuscul.
678 3948 717 3990 Ι.
758 3949 800 3991 9.
830 3948 949 3991 Aufi-

1313 1880 1485 1932 solam
1502 1882 1767 1945 (mentem)
1778 1882 2060 1932 censebant
2076 1883 2347 1948 idoneam,

1316 1951 1408 1998 cui
1442 1948 1763 2011 crederetur,
1801 1951 1931 2014 quia
1964 1951 2081 2001 sola
2105 1957 2350 2003 cerneret

1314 2017 1401 2081 id,
1438 2017 1585 2083 quod
1614 2032 1819 2082 semper
1862 2022 2000 2068 esset
2032 2019 2263 2085 simplem
2298 2027 2350 2072 et

1313 2088 1479 2135 unius
1523 2085 1671 2136 modi
1716 2090 1769 2135 et
1813 2086 1946 2151 tale,
1992 2086 2152 2152 quale
2196 2093 2346 2142 esset.

1321 2153 1469 2203 Hanc
1502 2153 1589 2203 illi
1623 2149 1779 2205 ἰδέαν
1813 2154 2115 2219 appellant,
2166 2158 2277 2206 iam
2314 2174 2347 2208 a

1314 2221 1539 2271 Platone
1574 2223 1654 2272 ita
1688 2224 2040 2286 nominatam,
2076 2239 2174 2274 noe
2198 2230 2343 2276 recte

1312 2292 1539 2354 speciem
1568 2304 1851 2353 possumus
1880 2291 2069 2343 dicere.

1315 2423 1368 2475 bl
1385 2356 1594 2474 “21⁰5‘'
1614 2358 1771 2421 quale
1789 2362 1882 2421 est,
1908 2359 1955 2409 d.
1976 2359 2011 2411 i.
2036 2360 2147 2411 sich
2173 2360 2344 2425 gleich

1371 2424 1418 2475 ei
1461 2428 1499 2476 t.

1385 2495 1465 2543 10.
1485 2492 1653 2557 plane
1676 2490 1927 2551 deutlich;
1963 2494 2340 2557 perturbatum

1313 2559 1663 2611 domicilium:
1678 2559 2344 2627 unruhevolleBehausung.

1385 2648 1465 2697 14.
1483 2646 1813 2697 memoriam.
1849 2643 1966 2696 Von
1985 2644 2097 2697 hier
2130 2660 2196 2697 an
2221 2646 2346 2699 fatet

1314 2714 1417 2766 Cic.
1454 2711 1682 2765 dieselbe
1719 2713 1770 2764 in
1809 2713 1924 2764 dem
1950 2714 2345 2779 gewohnlichen

1314 2779 1501 2834 Sinne:
1538 2780 1864 2834 GedachtniS.
1894 2811 1958 2820 —-
1984 2785 2189 2833 maiore
2215 2800 2344 2849 quo·

1314 2849 1439 2969 (hlium
1473 2850 1653 2902 modo:
1691 2850 1743 2901 in
1781 2849 2071 2903 bedeutend
2097 2851 2341 2904 hoherem

1368 2933 1396 2968 a
1424 2934 1498 2971 se.

1385 3007 1471 3055 15.
1498 3019 1657 3069 quam
1682 3032 1745 3040 —
1770 3003 1914 3053 unde
1937 3008 2139 3068 natam,
2179 3004 2345 3056 wornr

1315 3073 1348 3139 5
1372 3074 1464 3125 6οε
1503 3072 1651 3136 Quae
1684 3073 1756 3121 sit
1787 3071 1889 3122 illa
1913 3076 1993 3122 vis
2017 3076 2070 3121 et
2090 3072 2233 3124 unde
2254 3076 2343 3128 sit.

1389 3159 1469 3208 16.
1495 3156 1797 3208 Simonides
1819 3172 1925 3208 von
1949 3156 2103 3222 KeoS,
2139 3157 2230 3208 der
2258 3157 2344 3209 be-

1314 3223 1518 3276 rahmte
1554 3224 1794 3292 Lyriker‚
1840 3224 1931 3276 der
1975 3240 2065 3276 zur
2100 3224 2211 3276 Zeit
2253 3225 2346 3277 des

1312 3292 1632 3359 Hipparchos
1685 3292 1788 3344 und
1842 3292 1933 3344 der
1984 3292 2346 3358 Perserkriege

1313 3361 1365 3411 in
1402 3361 1573 3414 Athen
1608 3360 1764 3425 lebte,
1801 3361 1901 3412 soll
1937 3361 2021 3413 die
2044 3358 2345 3412 Mnemonik

1315 3428 1563 3480 ersunden
1589 3429 1772 3481 haben.
1825 3428 1945 3494 Vgl.
1967 3428 2095 3480 iiber
2116 3430 2205 3480 ihu
2231 3430 2342 3482 beS.

1314 3496 1379 3547 de
1415 3513 1489 3549 or.
1514 3496 1569 3548 11.
1596 3499 1677 3561 86,
1705 3495 1874 3562 351ff,
1896 3512 1946 3550 u.
1973 3499 2055 3559 87,
2076 3499 2196 3549 357.

1352 3584 1433 3635 17.
1499 3581 1811 3633 Theodectes
1862 3597 1955 3633 aus
2003 3580 2236 3634 Phaselis
2292 3583 2344 3634 in

1314 3648 1629 3714 Kleinasien‚
1642 3649 1855 3702 Schfiler
1867 3650 1958 3702 des
1967 3648 2225 3703 Isokrates
2239 3652 2345 3702 und

1314 3718 1649 3780 Aristoteles,
1702 3718 1779 3770 als
1835 3716 2035 3770 Redner
2088 3718 2342 3770 heruhmt.

1317 3784 1434 3850 Vgl.
1460 3785 1670 3846 Quintil.
1694 3785 1775 3839 XI.
1803 3789 1851 3853 2,
1876 3790 1969 3839 51:
2009 3787 2152 3850 Quin
2186 3786 2347 3836 semel

1318 3854 1535 3905 auditos
1580 3856 1870 3919 quamlibet
1911 3856 2107 3906 multoe
2158 3868 2345 3903 versus

1904 3942 1934 3989 5

2387 1474 2446 1523 59
