2834 4317
356 544 429 600 15

445 193 528 251 48
1096 190 1285 244 ιιΒΕΡ.
1316 192 1353 244 1.
1393 195 1476 258 14,
1511 193 1594 244 32.
1633 194 1713 257 15,
1749 192 1831 243 33.
1870 191 1953 242 34.

448 362 591 427 tur?
621 362 781 425 Abiit
810 364 884 425 ad
913 363 1057 425 deos
1087 364 1409 427 Hercules:
1456 380 1777 441 numquam
1818 360 2055 437 abisset,
2102 361 2234 437 nisi,
2280 380 2418 423 cum
2447 363 2615 424 inter

448 450 722 512 homines
752 458 923 524 esset,
970 467 1099 511 eam
1127 448 1241 512 sibi
1273 449 1423 512 viam
1451 447 1817 509 munivisset.

618 534 834 596 Vetera
865 535 981 595 iam
1027 535 1137 596 ista
1181 544 1242 596 et
1283 533 1575 614 religione
1619 533 1885 594 omnium
1930 540 2294 594 consecrata.
2356 531 2514 603 Quid
2543 533 2610 595 in

452 621 563 681 hac
608 639 674 682 re
721 619 960 700 publica
992 628 1083 680 tot
1126 628 1446 699 tantosque
1488 618 1648 680 viros
1679 618 1757 680 ob
1787 636 1913 679 rem
1945 617 2243 699 publicam
2274 618 2632 681 interfectos

454 706 743 784 cogitasse
791 703 1192 767 arbitramur?
1222 706 1492 767 isdemne
1536 712 1605 765 ut
1646 703 1870 766 finibus
1916 721 2138 765 nomen
2184 721 2361 765 suum
2406 703 2634 782 quibus

452 791 567 852 vita
596 789 1064 853 terminaretur?
1093 791 1282 853 Nemo
1314 808 1599 869 umquam
1627 790 1760 851 sine
1791 806 2006 869 magna
2035 807 2142 868 spe
2171 788 2632 852 immortalitatis

451 894 514 936 se
546 894 656 955 pro
687 876 878 955 patria
909 876 1157 938 offerret
1184 876 1257 938 ad
1290 886 1565 937 mortem.
1618 874 1814 936 Licuit
1844 892 1974 936 esse
2005 874 2197 936 otioso
2221 874 2629 951 Themistocli,

450 960 618 1022 licuit
660 959 1138 1040 Epaminondae,
1197 961 1385 1035 licuit,
1449 979 1527 1022 ne
1572 968 1634 1020 et
1675 968 1871 1021 vetera
1917 968 1976 1021 et
2032 967 2277 1021 externa
2323 978 2628 1039 quaeram,

451 1046 623 1121 mihi;
654 1047 758 1108 sed
790 1047 997 1109 nescio
1030 1065 1151 1126 quo
1178 1046 1358 1109 modo
1382 1046 1655 1108 inhaeret
1675 1045 1739 1106 in
1762 1044 2063 1106 mentibus
2094 1045 2260 1123 quasi
2290 1045 2627 1108 saeclorum

452 1130 746 1211 quoddam
782 1132 1103 1212 augurium
1131 1133 1495 1207 futurorum,
1542 1131 1722 1209 idque
1766 1130 1828 1192 in
1873 1131 2143 1192 maximis
2173 1129 2430 1210 ingeniis
2457 1130 2623 1192 altis-

450 1216 736 1296 simisque
794 1217 1008 1279 animis
1065 1227 1126 1279 et
1169 1218 1396 1280 exsistit
1440 1216 1693 1278 maxime
1736 1224 1797 1277 et
1836 1224 2099 1296 apparat·
2134 1216 2425 1278 facillime.
2486 1214 2625 1286 Quo

453 1301 693 1381 quidem
739 1302 982 1383 dempto
1029 1302 1164 1382 quis
1206 1312 1328 1365 tam
1372 1312 1529 1365 esset
1570 1319 1777 1364 amens
1823 1302 1925 1381 qui
1956 1319 2195 1381 semper
2223 1302 2285 1362 in
2316 1299 2626 1362 laboribus

453 1396 511 1448 et
541 1387 821 1469 periculis
851 1385 1114 1450 viveret?

623 1473 868 1551 Loquor
898 1473 971 1535 de
1002 1473 1411 1553 principibus;
1459 1470 1645 1552 quid?
1689 1481 1906 1551 poetae
1952 1489 2157 1533 nonne
2197 1479 2334 1551 post
2363 1478 2620 1532 mortem

454 1555 756 1618 nobilitari
785 1555 1038 1618 volunt?
1090 1556 1262 1618 Unde
1293 1576 1439 1636 ergo
1470 1554 1653 1619 illud?

2684 720 2720 770 5

2688 1122 2782 1196 ω’

2683 1568 2755 1616 15

759 1642 1024 1721 Aspicite,
1070 1640 1103 1701 o'
1136 1646 1305 1714 cives,
1350 1645 1506 1703 senis
1533 1640 1694 1703 Enni
1719 1644 1995 1720 imoqini's
2022 1641 2302 1720 formam.

866 1725 979 1788 Hic
1006 1736 1259 1788 vestrum
1282 1730 1506 1805 ponaeit
1532 1744 1815 1788 maxumo
1843 1727 2008 1804 foeta
2032 1736 2292 1807 patrum.

453 1891 545 1943 des
597 1891 1053 1959 vorhergehenden
1116 1892 1480 1958 hinzugefiigt:

454 1959 568 2013 Und
587 1959 679 2012 das
699 1960 824 2012 thun
851 1959 1037 2027 gei-ade
1055 1961 1139 2014 die
1170 1959 1483 2013 bedentend-

452 2033 567 2080 sten
604 2043 686 2080 am
721 2029 956 2082 meisten.

522 2099 570 2149 2.
625 2111 744 2148 cam
788 2098 935 2147 viam
979 2118 1048 2139 -ι
1091 2098 1235 2147 viam
1281 2112 1341 2147 eo
1387 2096 1487 2147 du-

451 2169 669 2227 centem,
707 2164 913 2216 iibnlich
950 2165 1050 2216 wie
1088 2167 1169 2229 19,
1203 2167 1307 2217 45:
1343 2164 1488 2216 Haec

445 2233 816 2299 pulchritudo.
904 2233 979 2285 Ζιι
1033 2233 1147 2284 dem
1209 2230 1487 2298 folgenden

456 2301 653 2354 Vetera
683 2305 797 2352 iam
830 2304 937 2352 ista
980 2300 1115 2353 ohne
1148 2305 1300 2365 sunt,
1347 2301 1490 2351 einer

453 2368 605 2422 Form
649 2368 740 2422 der
786 2372 1072 2434 transitio,
1123 2369 1229 2436 vgl.
1266 2339 1359 2431 3⁹0,
1397 2370 1488 2421 743

454 2437 564 2489 Sed
607 2440 738 2490 Ilaec
791 2441 843 2488 et
876 2443 1056 2489 vetera
1092 2442 1146 2487 et
1179 2455 1213 2488 a
1253 2435 1489 2488 Graecis.

452 2511 455 2514 ’
522 2508 574 2558 3.
594 2506 814 2570 Quid—
832 2509 1096 2587 cogitasse
1121 2507 1493 2557 arbitramur?

452 2569 696 2628 ‘Woraut'
745 2577 971 2655 mogon
1024 2575 1100 2626 sie
1145 2573 1367 2625 bedacht
1398 2587 1491 2638 ge-

458 2657 631 2693 wesen
673 2634 836 2695 sein‘t'
899 2643 1005 2709 vgl.
1044 2645 1125 2706 11,
1162 2643 1227 2694 23
1263 2642 1325 2693 id
1349 2646 1490 2707 puto

455 2726 566 2761 esse
602 2711 945 2761 commodius.
1014 2710 1087 2762 Ζιι
1140 2714 1382 2775 cogitare
1428 2714 1493 2760 ut

455 2776 560 2843 vgl.
599 2776 730 2842 Nep.
765 2776 914 2829 Dion.
952 2781 1001 2840 9,
1038 2779 1096 2829 23
1142 2791 1334 2828 navem
1368 2781 1490 2843 agi-

457 2847 571 2897 tari
603 2847 775 2907 iubet,
824 2847 1221 2910 cogitans—ut
1254 2847 1490 2911 haberet,

458 2929 565 2979 qua
597 2911 831 2977 fugeret.

525 2981 574 3033 6.
642 2983 760 3031 tine
793 2996 994 3046 magna
1038 2996 1130 3046 spe
1171 2981 1371 3033 enthalt
1406 2982 1491 3034 die

454 3048 762 3113 Bedingung
795 3064 861 3100 zu
894 3065 1041 3099 33-
1063 3050 1300 3113 offerret.
1370 3049 1490 3115 Vgl.

460 3118 544 3181 25,
579 3118 663 3169 63.
697 3114 782 3169 lV.
824 3118 906 3180 19,
941 3119 1027 3181 44,

527 3186 574 3242 8.
632 3200 701 3236 ne
724 3189 778 3235 et
793 3190 977 3237 vetera
1002 3190 1055 3236 et
1076 3190 1300 3238 externa
1327 3201 1492 3252 quae-

455 3270 578 3306 ram
634 3268 720 3306 um
779 3253 922 3305 nicht
967 3254 1151 3306 weiter
1197 3254 1327 3306 nach
1375 3253 1492 3305 Bei—

456 3321 675 3441 vstelen,
708 3320 831 3387 die(
811 3321 934 3387 (wie
960 3321 1040 3375 die
1063 3323 1374 3388 genennten)
1402 3321 1493 3374 der

456 3389 1091 3524 Αὲἱῗέἒέἓ“ῗξ’ἑ.ῗ.ἓ.ἶέ,
1086 3389 1490 3511 ”mim

455 3524 623 3577 Daber
654 3530 847 3577 et—et
879 3526 982 3579 und
1008 3526 1150 3578 nicht
1185 3530 1357 3576 aut—
1376 3532 1490 3580 aut.

528 3597 607 3646 10.
658 3595 1043 3660 αἰίἰεείπιίσᾳιιο
1089 3596 1301 3646 animis.
1368 3593 1491 3660 vgl.

457 3660 514 3724 11,
539 3663 588 3726 4,
613 3664 691 3713 11.
731 3661 988 3714 Wfihrend
1023 3662 1133 3715 hier
1154 3661 1248 3715 das
1273 3661 1490 3716 Streben

456 3728 588 3783 nach
613 3728 780 3782 Buhm
817 3730 894 3781 als
917 3730 1124 3784 Beweis
1159 3730 1240 3783 fiir
1262 3730 1361 3783 den
1386 3730 1490 3784 Un-

458 3797 1069 3866 sterblichkeitsglauben
1139 3799 1230 3851 der
1298 3797 1489 3852 Besten

457 3866 614 3932 dient,
631 3865 757 3919 wird
777 3870 862 3932 46,
881 3870 977 3921 110
990 3868 1072 3921 die
1082 3867 1166 3921 bei
1184 3867 1285 3921 den
1296 3868 1487 3922 Besten

1586 1891 1748 1943 sehon
1783 1890 2026 1943 wahrend
2064 1891 2155 1944 des
2190 1892 2389 1944 Lebens
2440 1889 2630 1957 gesun-

1586 1958 1719 2011 dene
1741 1958 2124 2026 Anerkennung
2158 1959 2236 2013 als
2275 1956 2627 2012 Schutzwaffe

1588 2041 1754 2092 gegen
1789 2027 1872 2078 die
1908 2025 2251 2079 Todesfurcht
2296 2026 2627 2080 bezeichnet.

1660 2097 1741 2149 13.
1776 2097 1981 2145 viveret
2014 2094 2166 2146 leben
2202 2096 2425 2148 mochte.

1659 2165 1739 2215 14.
1751 2163 2051 2229 Loquor-de
2066 2164 2430 2229 principibm3
2491 2162 2632 2214 uid?

1586 2233 1778 2298 poetae
1799 2260 1883 2283 —.
1918 2230 2159 2283 Dieselbe
2184 2228 2333 2283 Form
2359 2230 2452 2283 des
2514 2231 2635 2283 ber-

1591 2314 1805 2366 ganges,
1840 2298 2000 2351 durch
2025 2298 2229 2351 welche
2264 2297 2510 2364 lediglich
2535 2299 2635 2351 der

1591 2368 1880 2434 Gegensatz
1937 2366 2138 2419 starker
2194 2366 2630 2436 hervorgehoben

1592 2435 1800 2487 werden
1828 2435 1927 2488 soll
1955 2437 2039 2497 (st.
2056 2451 2155 2486 nec
2172 2437 2448 2501 principes
2464 2436 2629 2487 modo

1590 2505 1686 2555 sed
1702 2506 1896 2569 poetae
1918 2507 2081 2555 etiam
2102 2504 2266 2555 nobil.
2290 2503 2360 2567 υ.)
2395 2504 2536 2556 steht
2558 2501 2627 2557 V.

1592 2574 1657 2624 27
1673 2575 1784 2634 793
1812 2573 2209 2625 Delzominibur
2221 2574 2444 2637 loquor·;
2455 2572 2628 2638 quid?

1592 2609 1788 2691 bes’tiae
1821 2657 1932 2692 non
1955 2640 2140 2706 frigus
2161 2668 2226 2679 —
2246 2642 2553 2706 patiuntur.

1654 2711 1997 2775 principibus
2040 2709 2109 2760 im
2166 2723 2386 2775 engeren
2440 2707 2626 2760 Sinne:

1591 2775 1968 2843 hochgestellte
2016 2776 2051 2829 S
2063 2781 2121 2828 ta
2134 2792 2162 2828 a
2175 2780 2233 2828 ts
2242 2777 2469 2843 miinner,
2520 2776 2627 2828 wie

1667 2915 1747 2967 15.
1796 2914 1939 2966 illud
1976 2915 2128 2979 jener
2160 2911 2487 2979 Ausspruch‚
2523 2911 2629 2963 wie

1593 2981 1746 3046 11.5,
1784 2984 1876 3034 133
1925 2981 2067 3034 illud
2108 2983 2256 3035 Acci.
2326 2978 2427 3032 Das
2471 2977 2627 3045 obige

1592 3047 1858 3102 Disticbon
1884 3050 1983 3102 soll
2004 3050 2117 3102 also
2127 3048 2322 3101 Ennius
2340 3063 2403 3100 zu
2429 3046 2628 3099 seinem

1592 3115 1741 3236 gilssle
1777 3118 1859 3170 {fir
1893 3118 2003 3171 sein
2035 3116 2273 3170 Grahmal
2317 3114 2631 3184 angerertigt

1631 3200 1658 3236 a
1699 3200 1780 3238 en.

1666 3254 1747 3307 16.
1771 3254 1936 3307 Enni.
1971 3253 2074 3306 Das
2094 3256 2118 3302 i
2150 3251 2345 3305 konnte
2380 3265 2518 3305 zwar
2545 3251 2626 3302 in-

1595 3321 1736 3388 folge
1790 3321 1882 3374 des
1935 3321 2115 3374 Hiatus
2170 3318 2414 3373 verkfirzt
2432 3358 2447 3385 ,
2504 3318 2628 3371 aber

1596 3390 1738 3441 nicht
1789 3390 1995 3443 elidiert
2041 3388 2266 3441 werden.
2360 3388 2434 3439 Ζιι
2490 3388 2626 3438 ima-

1588 3460 1741 3523 ginis
1784 3458 1888 3511 und
1937 3463 2096 3511 unten
2132 3461 2281 3508 vivos
2323 3454 2430 3524 (die
2464 3454 2626 3507 altere

1593 3526 1748 3646 Egrm
1782 3526 1863 3578 rur
1895 3525 2293 3593 vivus)vgl.5,
2333 3527 2426 3578 103
2476 3523 2625 3591 siey-

1667 3609 1732 3645 m

1587 3611 1627 3662 p
1665 3666 1744 3715 17.
1760 3665 1963 3730 panxit
1982 3662 2388 3741 -compoeuit,
2403 3658 2623 3726 Auspic-

1590 3730 1718 3798 lung
1753 3732 1846 3783 auf
1875 3731 2019 3783 seine
2053 3730 2319 3795 Annales,
2361 3729 2413 3780 in
2458 3726 2621 3779 denen

1592 3797 1631 3851 1.
1671 3803 1693 3852 1
1735 3800 1976 3852 desselbe
2008 3798 2234 3851 Verbum
2280 3767 2441 3850 s'teht:
2488 3811 2627 3863 pan-

1587 3882 1721 3932 gere
1756 3868 1979 3920 horrida
2017 3869 2334 3920 certamina.
