2834 4317
319 503 380 554 40

320 1096 380 1146 41

427 151 518 211 28'
1183 149 1369 203 LIBER
1403 149 1479 202 m.
1520 151 1599 213 18,
1618 152 1701 203 40.
1720 154 1804 206 41.

514 323 719 388 Hicine
750 338 832 389 est
860 323 956 386 ille
994 322 1294 396 Telamon,
1323 323 1492 384 modo
1523 340 1685 403 quem
1714 321 1909 400 plor-ia
1935 322 2015 383 'ad
2042 321 2265 385 caelum
2297 321 2529 393 extulit,

516 409 705 483 Quem
734 408 1114 491 aspectabant,
1147 411 1310 470 cicius
1337 407 1408 470 ob
1439 426 1501 470 os
1539 405 1708 469 Graii
1734 410 1841 468 bra
1869 406 2238 469 obvertebant
2269 426 2375 470 sua
2390 405 2423 467 P

429 497 601 568 Quod
633 497 682 557 si
713 499 838 569 cui,
881 503 948 556 ut
979 495 1060 555 ait
1088 494 1274 565 idem,
1303 491 1484 554 simul
1511 495 1744 554 (inimus
1773 509 1905 553 eum
1933 510 1998 554 re
2026 494 2297 566 concidit,
2327 512 2360 554 a
2391 495 2587 574 gravi-

424 581 539 644 bus
569 581 684 643 illis
724 581 983 660 antiquis
1024 579 1397 659 philosophis
1437 577 1691 658 petenda
1733 578 2023 639 medicina
2064 589 2186 652 est,
2231 597 2355 640 non
2387 581 2461 642 ab
2492 580 2587 642 his

423 666 788 747 voluptariis.
848 665 1038 737 Quam
1070 664 1229 726 euim
1253 664 1347 725 isti
1377 663 1676 724 bonorum
1716 662 1947 743 copiam
1978 661 2229 726 dicunt?
2288 663 2406 726 Fac
2434 683 2581 728 sane

427 771 554 814 esse
599 768 896 813 summum
935 751 1161 811 bouum
1208 767 1332 809 non
1380 748 1612 821 dolere,
1671 765 2026 827 quamquam
2068 749 2126 809 id
2173 769 2296 811 nou
2340 748 2587 813 vocatur

423 836 729 917 voluptas,
772 836 873 897 sed
910 854 1030 897 non
1065 852 1308 896 necesse
1352 842 1443 894 est
1485 850 1650 894 nunc
1692 833 1922 909 omnia;
1966 834 2105 895 idne
2147 843 2270 907 est,
2312 854 2431 914 quo
2460 844 2585 896 tra-

426 922 587 982 ducti
621 921 846 983 luctum
877 917 1181 982 levemus?
1243 919 1332 980 Sit
1360 936 1505 980 sane
1533 935 1832 979 summum
1877 919 2095 980 malum
2141 920 2374 996 dolere;
2416 921 2478 982 in
2511 940 2583 982 eo

425 1006 605 1085 igitur
647 1007 750 1085 qui
794 1025 916 1067 non
951 1014 1070 1079 est,
1113 1004 1163 1066 si
1209 1004 1365 1064 malo
1409 1011 1638 1076 careat,
1680 1003 2049 1066 continuone
2088 1005 2307 1067 fruitur
2348 1024 2582 1067 summo

424 1089 629 1152 bono?
689 1090 843 1163 Quid
884 1090 1377 1170 tergiversamur,
1420 1087 1710 1167 Epicure,
1760 1107 1869 1149 uec
1901 1091 2153 1152 fatemur
2182 1109 2313 1151 eam
2353 1110 2464 1152 nos
2493 1090 2584 1152 di-

427 1194 564 1237 cere
593 1176 973 1256 voluptatem,
1005 1192 1180 1255 quam
1198 1178 1276 1234 ‘tu
1307 1173 1462 1234 idem
1494 1191 1631 1233 cum
1660 1191 1729 1234 os
1749 1175 2127 1252 perfricuisti,
2158 1176 2313 1238 soles
2343 1174 2584 1237 dicere?

426 1261 580 1323 Sunt
608 1263 754 1322 haec
796 1269 896 1322 tua
925 1260 1103 1322 verba
1136 1256 1373 1320 necne?
1431 1257 1501 1318 lu
1534 1276 1604 1319 eo
1650 1257 1889 1336 quidem
1936 1260 2121 1335 libro,
2169 1261 2272 1340 qui
2315 1260 2587 1322 continet

425 1364 663 1408 omnem
695 1346 1064 1426 disciplinam
1097 1354 1256 1406 tuam
1280 1377 1365 1389 —-
1387 1344 1605 1421 fungar
1628 1343 1785 1404 enim
1810 1344 1923 1405 iam
1946 1345 2289 1425 interpretis
2311 1363 2584 1419 munere,

426 1451 502 1493 ne
526 1432 659 1512 quis
681 1449 776 1492 me
801 1440 971 1509 putet
996 1432 1223 1508 fingere
1243 1464 1347 1502 -,
1372 1428 1522 1489 dicis
1543 1420 1883 1490 haecz‘Nec
1908 1430 2182 1509 equidem
2204 1431 2394 1492 habeo
2420 1432 2580 1509 quod

424 1516 761 1596 intellegam
794 1516 1020 1577 honum
1065 1515 1238 1587 illud,
1283 1512 1602 1574 detrahens
1632 1530 1731 1573 eas
1772 1515 2131 1595 voluptates,
2177 1534 2328 1595 quae
2371 1533 2585 1597 sapore

423 1601 874 1681 percipiuntur,
907 1600 1226 1662 detrahens
1256 1617 1388 1671 eas,
1435 1616 1587 1676 quae
1616 1598 1824 1660 auditu
1859 1619 1892 1661 e
1922 1600 2222 1674 cantibus,
2264 1601 2585 1662 detrahens

425 1704 522 1749 eas
552 1687 757 1759 etiam,
805 1704 956 1764 quae
995 1704 1066 1746 ex
1097 1683 1305 1744 formis
1333 1682 1752 1763 percipiuntur
1781 1685 2001 1759 oculiS,
2035 1685 2228 1747 suavis
2269 1687 2584 1759 motioneS,

422 1856 483 1902 in
509 1853 700 1917 quibus
729 1853 830 1903 Ιιοο
848 1853 1085 1916 primum
1120 1855 1212 1911 est,
1249 1852 1308 1900 in
1344 1865 1450 1916 quo
1553 1848 1733 1914 kliirst,
1771 1866 1830 1904 so
1865 1850 1980 1902 sind
2013 1849 2106 1903 das
2142 1866 2237 1904 nur
2262 1852 2582 1919 Ausssfichte,

423 1919 680 1971 admirer.
717 1919 834 1984 Vgl.
862 1917 897 1970 1.
925 1920 1007 1980 21,
1035 1919 1100 1970 48
1127 1933 1190 1969 zu
1210 1918 1454 1986 gloriari
1555 1916 1617 1968 da
1656 1917 1724 1970 du
1760 1934 1825 1970 an
1862 1919 2082 1972 anderen
2121 1919 2315 1972 Stellen
2353 1934 2409 1972 es
2445 1920 2586 1973 offen

426 2004 476 2039 u.
516 1986 574 2038 V.
612 1990 661 2050 9,
699 1990 766 2039 24
800 2002 863 2038 zu
900 2002 1114 2038 vexare.
1557 1985 1805 2051 gestehst,
1840 1985 1952 2038 dass
1988 1986 2055 2040 du
2082 1987 2159 2039 dir
2187 1986 2442 2053 derunter,
2480 1990 2586 2040 wie

498 2058 543 2109 1.
570 2056 757 2106 Hicine
784 2059 882 2107 cet.
937 2052 1116 2106 Worte
1141 2053 1231 2106 des
1255 2051 1453 2106 Teucer
1549 2054 1698 2118 Jeder
1722 2053 1926 2121 audere,
1948 2070 2042 2106 nur
2076 2056 2328 2108 sinuliche
2348 2055 2586 2121 Genfisse

1558 2121 1760 2174 denkst.
1817 2121 1983 2174 Dutch
2011 2123 2152 2174 idem
2177 2123 2304 2175 wird
2330 2125 2420 2177 aur
2440 2124 2587 2177 diese

425 2138 520 2175 aus
554 2124 668 2175 dem
697 2112 1040 2191 ‘Eurysaces’
1075 2120 1166 2173 des
1201 2121 1404 2174 AcciuS.

1558 2190 1800 2257 doppelte
1833 2189 2116 2258 Erklfirung
2152 2191 2372 2259 Epikurs
2406 2194 2591 2259 hinge-

493 2193 540 2244 3.
587 2207 706 2243 cum
745 2208 807 2243 re
829 2214 896 2235 =-
921 2205 1041 2242 eum
1075 2206 1135 2240 re
1167 2188 1454 2251 familiari.

424 2256 542 2310 Ter.
566 2258 693 2312 Eun.
718 2259 775 2311 11.
801 2261 849 2321 2,
874 2261 962 2312 1οε
987 2258 1151 2308 simul
1172 2259 1456 2310 consilium

426 2343 547 2378 eum
569 2345 632 2378 re
653 2330 871 2379 amisti?
912 2324 1058 2378 Ovid.
1084 2325 1234 2379 Pont.
1258 2325 1341 2377 lv,
1373 2328 1453 2389 12,

424 2399 488 2449 47
509 2410 535 2447 s
573 2415 617 2448 .:

495 2411 658 2516 quede
690 2465 858 2514 milti.-
899 2465 1121 2513 miseros
1160 2461 1454 2528 prudentia

822 2534 1009 2597 prima
1042 2531 1319 2595 relinquit,

490 2600 566 2651 Et
595 2616 779 2651 semus
814 2615 933 2728 etum
968 2615 1028 2649 re
1067 2600 1454 2663 consiliumque

423 2735 568 2787 Auch
606 2737 659 2785 in
695 2734 871 2802 prose,
908 2750 952 2785 z.
990 2732 1046 2786 Β.
1084 2734 1137 2785 in
1173 2733 1280 2785 Cat.
1316 2731 1372 2783 ll.
1399 2735 1448 2796 5,

425 2806 514 2865 10:
555 2801 656 2852 Res
680 2819 767 2852 eos
791 2805 902 2852 iam
932 2802 1159 2867 pridem,
1195 2801 1328 2863 fides
1349 2816 1450 2851 nu-

417 2886 515 2936 per
550 2869 774 2931 defieere
809 2872 1000 2935 coepit.

500 2940 550 2989 4.
596 2940 838 3002 antiquis
874 2937 1238 3003 philosophis,
1286 2952 1328 2991 8.
1366 2939 1449 2999 17,

420 3006 488 3058 36
524 3005 595 3057 in.
665 3004 737 3055 Zu
763 3005 880 3055 Fac
913 3005 1017 3071 vgl.
1053 3004 1089 3057 1.
1116 3007 1199 3069 34,
1224 3005 1307 3068 82,
1343 3005 1444 3055 und

419 3072 549 3123 uber
580 3088 710 3123 sane
743 3071 826 3124 lV.
863 3075 945 3134 21,
972 3076 1054 3126 48.

490 3143 537 3193 6.
572 3156 837 3192 summum
874 3144 1070 3192 bouum
1103 3158 1214 3193 non
1251 3140 1448 3195 dolere.

421 3207 733 3292 Epiknnjffl
753 3209 898 3274 Πίος.
920 3209 973 3261 L.
998 3209 1060 3262 X.
1090 3213 1212 3264 128:
1246 3207 1450 3289 πέτου

418 3296 582 3347 χαριν
632 3295 856 3330 anama
906 3295 1246 3347 πραττομεν,
1300 3292 1451 3328 οπως

418 3339 555 3412 μήτε
592 3341 849 3417 ἀλγῶμεν
882 3342 1020 3411 μήτε
1053 3348 1367 3416 ταρβῶμεν.

490 3417 537 3465 ’7.
573 3430 718 3465 nune
751 3417 933 3465 omnia
953 3454 967 3474 ,
1007 3429 1078 3465 sc.
1127 3414 1318 3465 dicere.
1379 3412 1450 3465 So

420 3479 484 3533 de
521 3481 660 3534 deor.
696 3497 746 3534 n.
783 3483 819 3534 1.
857 3485 905 3547 8,
945 3485 1033 3536 19:
1077 3481 1326 3546 Longum
1373 3486 1455 3531 est

419 3548 494 3599 ad
512 3553 715 3607 omnim
742 3549 898 3602 Tusc.
917 3549 966 3602 d.
985 3550 1020 3601 1.
1043 3551 1126 3612 37,
1145 3552 1238 3602 90:
1257 3549 1451 3612 Quam·

419 3631 580 3681 quam
615 3619 716 3667 hoe
751 3618 964 3682 quidem
997 3619 1159 3668 nimis
1191 3633 1363 3682 saepe.

510 3686 589 3736 10.
651 3684 795 3748 Quid
849 3689 1295 3750 tergieversamur
1353 3689 1453 3737 cet.

421 3749 575 3802 Sinn:
632 3750 798 3802 Wenn
824 3751 892 3803 du
917 3768 981 3803 an
1008 3752 1097 3804 der
1121 3753 1271 3805 einen
1291 3753 1451 3806 Stelle

421 3817 505 3870 die
540 3819 785 3886 voluptas
820 3819 980 3872 durch
1014 3837 1124 3872 non
1159 3822 1340 3873 dolere
1374 3836 1452 3873 er-

1558 2273 1769 2311 mesen.

1627 2331 1706 2380 11.
1737 2343 1795 2378 os
1815 2324 2170 2394 perfricuisti.
2221 2329 2289 2380 Os
2311 2328 2587 2395 (fronteni,

1554 2392 1772 2459 faeiem)
1803 2394 1994 2461 per-fr„
2031 2396 2308 2463 eigentlich
2344 2398 2452 2449 sich
2491 2396 2588 2450 das

1555 2462 1766 2515 Gesicht
1798 2463 1991 2525 reiben‚
2040 2479 2126 2516 um
2163 2465 2322 2516 durch
2357 2465 2590 2518 Zun'ick-

1557 2530 1780 2597 dringen
1819 2531 1912 2584 des
1947 2531 2126 2585 Blutes
2162 2532 2244 2584 die
2280 2532 2589 2587 Schemrote

1556 2614 1618 2650 zu
1649 2600 1966 2662 verti-cibem
2005 2599 2193 2653 daher:
2219 2594 2337 2653 ‘das
2374 2600 2589 2654 Scham-

1554 2666 1729 2732 gembl
1764 2660 2029 2735 ablegeu'.

1646 2737 1724 2788 12.
1779 2751 1970 2798 necne,
2023 2736 2104 2788 fiir
2156 2753 2227 2787 an
2280 2752 2391 2788 mm
2440 2744 2589 2801 sunt,

1551 2808 1701 2921 {pust
1735 2802 1818 2856 bei
1855 2804 2031 2858 Cicero
2068 2820 2163 2856 nur
2198 2805 2252 2856 in
2294 2804 2590 2859 indirekteu

1592 2885 1643 2921 re
1684 2885 1764 2923 en.

1620 2884 1686 2989 ligi
1709 2954 1769 2989 eo
1788 2940 2032 3005 -libro,
2060 2943 2187 3009 περὶ
2208 2936 2392 2992 τέλους
2415 2939 2466 3006 (5
2487 2944 2556 2994 42
2573 2963 2589 2994 x

1554 3006 1618 3057 de
1651 3022 1856 3059 summo
1892 3011 2064 3071 bono).
2124 3008 2217 3059 Die
2251 3007 2413 3061 Stelle
2451 3008 2589 3062 hiere

1552 3075 1683 3126 nach
1719 3075 1905 3128 Athen.
1955 3075 2054 3128 vll.
2093 3092 2143 3142 p.
2180 3077 2305 3129 280:
2356 3072 2432 3130 Οὔ
2476 3074 2592 3148 γὰρ

1550 3148 1724 3214 ἔγωγε
1777 3138 2017 3211 δύναμαι
2070 3144 2262 3208 νοῆσαι
2308 3140 2587 3226 &Lyn-9²39,

1554 3209 1809 3283 ἀφαιρῶν
1840 3214 1945 3278 μὲν
1977 3209 2077 3263 τὰς
2116 3207 2211 3262 διὰ
2307 3208 2423 3263 λων
2457 3208 2591 3277 ἦδο-

1552 3276 1677 3345 νάς,
1712 3273 1970 3364 ἀφαιρῶν
2004 3276 2064 3331 δὲ
2106 3276 2202 3331 τὰς
2281 3274 2327 3330 ι’
2364 3275 2594 3350 ἀφροδι-

1553 3352 1711 3412 σίων,
1735 3348 1991 3416 σφαιρῶν
2015 3344 2077 3399 δὲ
2098 3344 2197 3400 τὰς
2213 3342 2289 3398 δι’
2312 3342 2594 3420 ἀκροαμά-

1553 3433 1689 3500 των,
1724 3412 1983 3499 ιὶφαιραξν
2018 3413 2081 3467 δὲ
2121 3412 2220 3469 τὰς
2250 3411 2345 3500 ,διὰ
2378 3415 2449 3484 ,ub
2486 3418 2596 3485 φῆς

1554 3479 2412 3618 azaiglip‘gbe’g‘sblageixgiggaelz.
2442 3551 2508 3607 X.
2537 3557 2593 3607 6.

2504 3493 2594 3539 ast
2611 3534 2616 3540 ,

2631 1097 2700 1148 10·

2627 1518 2685 1570 15

1628 3622 1707 3672 15.
1751 3622 1945 3671 bonum
1980 3620 2153 3685 illud,
2204 3619 2357 3672 nami.
2395 3636 2595 3675 wovon
2617 3623 2640 3635 ⁸

1554 3685 1749 3754 Epikur
1782 3689 1969 3740 voi-her
2002 3689 2322 3756 gesprochen
2359 3690 2520 3742 hatte.

1627 3758 1705 3807 17.
1742 3760 1924 3807 suavis
1957 3759 2218 3809 motiones
2246 3750 2598 3822 ‘angenehme

1555 3816 1890 3877 Eindriicke'.
