2834 4317
374 767 450 824 33

376 1544 429 1595 71

470 171 551 232 96

1226 172 1412 226 unt-:R
1447 169 1530 227 lv,
1567 176 1651 240 33,
1670 177 1855 229 70.71.

564 343 611 405 T
605 346 648 407 u
678 362 767 406 me
795 348 1013 407 amoris
1046 348 1231 426 mdqis
1260 365 1433 426 quam
1462 345 1696 408 honoris
1716 346 2023 408 servavisti
2046 348 2255 425 qratia.

472 428 626 501 Quid
673 428 865 510 ergo?
910 431 1004 492 hic
1050 448 1216 491 amor
1257 430 1499 492 Medeae
1541 440 1761 509 quanta
1805 430 2176 493 miseriarum
2218 430 2491 492 excitavit
2522 431 2613 492 in-

472 514 706 577 cendia!
756 516 949 595 Atque
991 534 1060 577 ea
1100 524 1296 577 tamen
1347 516 1505 597 apud
1545 516 1721 578 alium
1764 525 1999 596 poetam
2031 516 2188 596 patri
2216 515 2414 577 dicere
2443 515 2614 577 audet

476 620 540 662 se
568 604 864 680 coniuyem
892 600 1167 663 hahuisse

562 682 768 758 'Illum,
798 687 976 749 Amor
1003 705 1166 768 quem
1198 687 1445 758 dederat,
1479 689 1581 767 qui
1597 685 1734 766 plue
1755 685 1933 767 pollet
1959 688 2255 767 potiorque
2283 687 2364 748 est
2385 695 2573 766 patre.
2652 695 2680 745 5

644 772 762 832 Sed
802 781 1009 851 poetas
1055 771 1260 832 ludere
1290 771 1588 845 sinamus,
1633 790 1887 850 quorum
1918 769 2132 833 fabulis
2161 772 2220 833 in
2252 772 2367 832 hoc
2396 771 2613 850 flagitio

374 850 432 900 7⁰
474 857 927 937 versari‘ipsum
967 856 1231 919 videmus
1273 857 1491 918 Iovem.
1579 857 1667 918 Ad
1709 857 2022 936 magistros
2070 856 2304 919 virtutis
2352 856 2616 936 philoso-

473 943 625 1023 phos
668 941 999 1015 veniamus,
1046 942 1148 1020 qui
1178 960 1439 1004 amorem
1472 950 1695 1021 negant
1721 942 1913 1021 stupri
1943 959 2073 1004 esse
2104 949 2163 1003 et
2190 942 2251 1003 in
2285 961 2357 1004 eo
2387 942 2618 1022 litigant

475 1045 610 1088 cum
639 1026 901 1107 Epicuro
932 1046 1057 1089 non
1089 1027 1370 1102 multum,
1405 1035 1471 1088 ut
1500 1027 1702 1107 opinio
1733 1044 1864 1088 mea
1892 1028 2037 1102 fert,
2060 1027 2405 1089 mentiente.
2473 1026 2619 1100 Quis

476 1122 566 1174 est
587 1113 742 1174 enim
767 1112 877 1174 iste
906 1130 1075 1175 amor
1103 1110 1435 1175 amicitiae?
1464 1129 1575 1174 cur
1602 1130 1800 1192 neque
1831 1111 2159 1173 deformem
2185 1112 2623 1175 adulescentem
2662 1121 2717 1173 10

475 1198 785 1277 quisquam
833 1207 988 1259 amat
1032 1217 1229 1278 neque
1270 1199 1598 1260 formosum
1628 1195 1877 1259 senem?
1927 1197 2068 1259 Mihi
2109 1198 2347 1277 quidem
2379 1199 2525 1259 haec
2554 1198 2617 1258 in

476 1283 835 1344 Graecorum
879 1284 1198 1364 gymnasiis
1250 1293 1385 1345 nata
1440 1283 1807 1345 consuetudo
1849 1282 2108 1357 videtur,
2160 1283 2222 1346 in
2269 1282 2484 1363 quibus
2525 1282 2622 1344 isti

476 1368 642 1429 liberi
675 1377 733 1429 et
764 1369 1034 1431 concessi
1063 1379 1205 1432 sunt
1230 1387 1483 1431 amores.
1550 1368 1713 1429 Bene
1745 1386 1887 1447 ergo
1917 1368 2183 1430 Ennius:

744 1453 799 1514 F
796 1453 964 1533 layiti
983 1458 1342 1536 principium
1372 1466 1452 1516 est
1480 1455 1704 1516 nudare
1735 1458 1889 1516 inter
1916 1457 2056 1515 civis
2084 1456 2346 1533 cerpora.

476 1537 592 1609 Qui
638 1547 705 1599 ut
747 1539 897 1612 sint,
954 1541 1113 1618 quod
1158 1540 1285 1600 fieri
1320 1557 1505 1619 posse
1543 1538 1744 1614 video,
1785 1538 2005 1618 pudici,
2048 1537 2282 1600 solliciti
2322 1545 2522 1599 tamen
2565 1547 2627 1598 et
2669 1547 2725 1598 15

474 1623 632 1685 anxii
661 1632 803 1685 sunt
831 1643 1022 1703 eoque
1051 1625 1257 1705 magis,
1284 1623 1455 1703 ,quod
1486 1643 1550 1686 se
1579 1623 1692 1704 ipsi
1721 1623 2037 1685 continent
2065 1632 2125 1684 et
2154 1625 2450 1685 coercent.
2518 1622 2626 1683 At-

476 1727 623 1787 que,
665 1717 735 1770 ut
774 1708 1081 1771 m'uliebris
1123 1728 1354 1772 amores
1395 1710 1696 1785 omittam,
1743 1708 1959 1788 quibus
1999 1707 2283 1792 maiorem
2323 1708 2625 1770 licentiam

477 1873 788 1927 schliesslich
829 1873 1197 1928 Liebeshiindel
1244 1892 1359 1929 zum
1397 1875 1496 1928 Ge-

478 1942 760 2008 genstande
795 1943 988 1997 hatten.

538 2027 607 2061 ea.-
623 2012 923 2075 tragoedia,
934 2014 1254 2078 sc.petitum‚
1264 2010 1497 2065 deutsch:

478 2077 543 2129 in
580 2077 668 2131 der
702 2077 976 2147 Tragodie.

546 2150 592 2201 1.
634 2146 714 2198 Tu
747 2163 830 2199 me
865 2152 981 2213 cet„
1022 2164 1114 2201 aus
1148 2147 1356 2202 Ennius'
1390 2147 1499 2202 Me·

478 2213 569 2268 dea
606 2216 786 2280 exsul„
820 2217 953 2270 nach
989 2216 1162 2283 Eurip.
1187 2216 1383 2282 Medea,
1408 2233 1495 2270 wo

475 2299 525 2337 v.
562 2287 661 2338 350
695 2283 843 2337 Iason
878 2300 944 2338 zu
977 2283 1157 2338 Medea
1192 2290 1335 2353 sagt:

657 2391 671 2402 .
874 2350 1048 2422 Ἔρως
1090 2348 1146 2405 a'
1184 2349 1459 2425 ἠνάγκασε

545 2416 741 2474 πόνων
782 2415 1048 2542 apinae}
1065 2492 1076 2507 .
1091 2414 1295 2489 τούμὸν
1330 2422 1500 2474 ἐκσῶ-

885 2505 980 2542 σαι
1046 2505 1191 2556 eptae.
1239 2521 1248 2533 .

547 2560 594 2610 2.
619 2556 727 2638 ᾼιιί
745 2557 891 2621 Quid
904 2561 1069 2624 ergo?
1092 2559 1318 2612 welches
1342 2558 1500 2639 eben·

481 2625 1504 2761 Zsshz'ffessssszififfi‘ss‘}{issiiissi'i‘i‘t‘l}

480 2761 611 2813 nach
623 2761 1035 2828 regelmiitsigem
1049 2761 1085 2815 S
1123 2762 1505 2829 rachgebrauch

481 2828 671 2881 wieder
721 2829 836 2882 eine
878 2829 1040 2897 Frage
1110 2831 1262 2897 olgen
1309 2831 1504 2883 sollen:

479 2897 698 2948 nullane
744 2899 833 2949 hic
874 2912 1025 2948 amor
1057 2926 1127 2936 —-
1161 2900 1505 2950 miseriarum

481 2967 744 3016 excitavit
772 2966 1063 3016 incendia?
1101 2964 1218 3033 vgl.
1255 2982 1319 3018 zu
1351 2967 1388 3018 l.
1422 2969 1506 3034 25,

481 3033 576 3085 61:
614 3032 759 3096 Quid
791 3034 1003 3098 igitur?

550 3103 598 3153 3.
635 3101 785 3165 apud
807 3099 977 3152 alium
999 3105 1228 3168 poetam,
1263 3101 1378 3154 dem
1402 3102 1502 3155 Ac-

483 3168 594 3221 cius
639 3167 744 3220 und
799 3184 938 3220 zwar
982 3170 1406 3223 wahrscheinlich
1447 3170 1499 3222 in

482 3236 667 3290 dessen
701 3235 899 3291 Medea.

551 3310 598 3359 5.
637 3308 733 3373 qui
762 3306 887 3373 plue
910 3307 1097 3372 pollet,
1131 3307 1285 3359 naml.
1316 3308 1501 3359 Amor.

551 3376 599 3429 6.
652 3390 881 3441 quorum
927 3373 1129 3436 fabulis
1155 3367 1310 3428 ‘nach
1345 3376 1501 3428 deren

482 3440 908 3509 Erdichtungen';
945 3442 1081 3495 deun
1105 3442 1381 3496 bedentete
1414 3441 1502 3504 fa-

485 3511 643 3562 bulae
676 3505 1080 3579 ‘Schauspiele'‚
1134 3524 1193 3564 so
1242 3512 1385 3564 hatte
1444 3514 1505 3563 in

483 3579 625 3630 nicht
666 3578 836 3632 sehlen
872 3579 1095 3632 konnen.

552 3649 600 3700 8.
644 3662 878 3699 amorem
918 3653 1123 3713 negant
1164 3650 1343 3715 stupri
1381 3664 1505 3700 esse.

483 3712 576 3766 Die
612 3712 818 3766 Stoiker
853 3720 1033 3782 sagten
1078 3716 1230 3780 (nach
1264 3714 1412 3782 Πίος.
1450 3715 1503 3769 1..

485 3780 587 3834 Vll.
626 3784 767 3841 130):
808 3780 990 3851 ἔρωτα
1031 3782 1107 3849 μὴ
1140 3781 1281 3836 εἶναι
1316 3800 1505 3836 συνου-

485 3854 619 3915 σίας,
639 3842 776 3901 ἀλλὰ
795 3848 990 3919 φιλίας.
1014 3850 1067 3904 S.
1086 3867 1130 3905 z.
1149 3852 1183 3921 ξ
1202 3855 1294 3905 72:
1317 3852 1503 3906 Stoici.

1670 1880 1717 1931 9.
1777 1892 1887 1928 non
1939 1876 2168 1926 multum
2221 1903 2292 1914 —
2335 1878 2628 1927 mentiente

1594 1941 1708 1998 ‘der
1731 1943 1896 1995 hierin
1916 1959 1973 1996 so
2003 1943 2236 1996 ziemlich
2258 1943 2340 1996 die
2355 1942 2629 1996 Wahrheit

1602 2018 1718 2080 sagt
1752 2011 1863 2075 (das
1897 2010 2135 2077 Richtige
2171 2006 2359 2077 triffl)'.
2428 2010 2628 2078 Epikur

1600 2081 1717 2134 saud
1743 2080 1895 2131 nfiml.
1921 2079 2003 2131 die
2020 2078 2176 2131 Liebe
2199 2095 2294 2131 nur
2318 2080 2386 2131 im
2413 2079 2625 2146 cigentl.

1597 2150 2001 2214 Liebesgenusse
2053 2147 2156 2198 und
2217 2147 2316 2200 defi
2325 2148 2484 2200 nierte
2551 2149 2630 2200 sie

1598 2217 1756 2270 daher
1788 2216 1865 2268 als
1906 2210 2165 2268 σύντονος
2198 2209 2368 2284 ὄρεξις
2402 2210 2631 2286 ἀφροδι-

1600 2289 1756 2339 σίων.
2055 2331 2061 2338 ,

1671 2357 1751 2407 10.
1776 2367 1930 2404 amor
1947 2354 2238 2417 amicitiae,
2270 2353 2408 2421 ἔρως
2430 2349 2633 2421 φιλίας.

1672 2425 1752 2476 11.
1804 2424 1863 2471 in
1920 2420 2249 2472 Graecorum
2304 2423 2631 2487 gymnasiis.

1601 2490 1703 2543 Cic.
1715 2489 1779 2542 de
1796 2503 1904 2555 rep.
1914 2487 1997 2540 lv.
2010 2491 2058 2554 3,
2072 2490 2132 2542 3:
2153 2491 2441 2555 opprobrio
2458 2487 2632 2550 fuisse

1601 2558 2054 2622 adulescentibus,
2105 2560 2156 2607 si
2205 2561 2474 2608 amatores
2519 2574 2634 2609 non

1600 2628 1880 2689 haberent;
1917 2625 2048 2692 Nep.
2083 2624 2241 2691 praef.
2267 2628 2326 2677 4:
2364 2625 2549 2678 Laudi
2571 2628 2634 2677 in

1611 2693 1839 2746 Graecia
1915 2694 2133 2746 ducitur
2202 2692 2636 2746 adulescentibus

1642 2777 1770 2882 ilcatrn
1779 2762 2074 2884 spbar-inger
2117 2763 2310 2883 habere
2344 2768 2635 2816 amatores.

1672 2845 1700 2882 a
1817 2845 1903 2897 ym
1943 2868 1957 2882 .
2063 2846 2115 2884 u.
2186 2867 2201 2883 .

1679 2901 1761 2951 13.
1794 2846 2023 2955 Ennli‘us.
2056 2899 2113 2951 ln
2140 2899 2391 2952 welchem
2417 2897 2634 2964 snecko,

1607 2967 1677 3020 ist
1712 2966 2025 3021 unbekannt.

1682 3038 1760 3088 14.
1795 3036 2010 3101 Flagiti
2043 3041 2143 3089 cet.
2177 3034 2269 3089 Die
2304 3035 2492 3088 Romen·
2523 3049 2636 3087 va·

1605 3118 1693 3155 ren
1741 3104 1795 3155 in
1837 3102 2070 3156 Hinsicht
2121 3103 2212 3156 aul
2254 3103 2354 3155 den
2391 3101 2637 3155 Austand

1607 3171 1732 3224 weit
1751 3175 1982 3238 strengen-
2000 3172 2078 3224 als
2102 3170 2183 3224 die
2209 3171 2475 3225 Griechen.
2508 3169 2638 3238 Vgl.

1605 3239 1671 3292 de
1706 3238 1792 3291 off.
1825 3238 1861 3293 1.
1898 3241 1983 3303 35,
2022 3242 2143 3293 129:
2179 3238 2378 3291 Nostro
2413 3239 2638 3304 quidem

1603 3323 1753 3360 more
1776 3323 1897 3359 cum
1917 3310 2236 3373 parentibus
2251 3309 2484 3372 puberes
2504 3306 2637 3374 filii,

1606 3391 1727 3428 cum
1759 3379 1961 3427 soceris
1985 3377 2178 3440 generi
2209 3390 2319 3428 non
2356 3376 2636 3429 lavantur.

1677 3448 1757 3498 15.
1784 3444 1905 3509 Qui,
1931 3443 2083 3496 naml.
2109 3449 2364 3509 amantes,
2399 3458 2509 3496 was
2535 3460 2637 3498 aus

1606 3528 1831 3633 algores,
1867 3528 1932 3594 au
1951 3513 2217 3595 ‘erg-anzen
2241 3511 2325 3565 ist.
2373 3511 2427 3568 S.
2452 3527 2516 3565 zu
2545 3515 2637 3578 21,

1685 3600 1697 3632 ε
1735 3596 1795 3632 m
1829 3596 1905 3631 eu
1938 3597 1960 3630 z
1997 3596 2088 3632 m.

1679 3651 1759 3703 16.
1792 3651 1915 3714 ipsi,
1949 3595 2021 3700 ili'n
2056 3647 2341 3715 Gegensatz
2382 3663 2446 3700 zu
2486 3648 2639 3715 leges

1601 3718 1874 3782 publicae.

1676 3788 1757 3838 17.
1798 3785 2076 3835 muliebris
2108 3800 2346 3851 amores,
2395 3783 2507 3838 hier
2550 3785 2639 3838 fur

1605 3851 1705 3905 den
1714 3852 1838 3906 Gen.
1860 3852 2069 3919 obJect„
2089 3853 2189 3904 wie
2207 3852 2315 3905 Liv.
2334 3852 2369 3906 1.
2390 3855 2453 3906 57
2477 3858 2640 3907 extr.:
