2834 4317
449 149 532 207 40
1159 147 1348 200 LIBER
1383 147 1418 201 l.
1461 151 1541 212 10,
1578 150 1661 204 21.
1701 149 1785 202 22.
1826 151 1905 202 11.

451 323 654 384 necin
700 320 918 394 hestia,
962 321 1200 400 vimque
1245 338 1485 381 omnem
1532 337 1693 393 eam,
1753 338 1866 399 qua
1912 318 2004 379 vel
2048 338 2290 399 agamus
2334 321 2479 400 quid
2523 321 2621 383 vel

447 408 791 479 sentiamuS‚
837 407 897 467 in
945 405 1226 468 omnibus
1271 404 1627 486 corporibus
1669 405 1812 467 vivis
1842 404 2231 485 aequabiliter
2260 424 2389 467 esse
2419 407 2620 469 fusam

450 511 563 554 nee
608 491 993 573 separabilem
1040 509 1073 551 a
1118 509 1374 572 corpore
1418 510 1567 566 esse,
1613 491 1837 572 quippe
1882 509 2033 570 quae
2080 490 2242 551 nulla
2286 492 2363 552 sit
2391 510 2508 553 nec
2540 494 2619 554 sit

449 578 766 657 quicquam
799 578 911 640 nisi
944 595 1163 658 corpus
1207 595 1393 639 unum
1444 587 1505 638 et
1543 576 1812 658 simplex,
1857 577 1935 637 ita
1980 577 2319 656 figuratum,
2365 585 2434 638 ut
2460 586 2615 639 tem-

346 676 405 725 22
448 664 759 745 peratione
794 671 1040 724 naturae
1085 662 1277 742 vigeat
1317 671 1380 723 et
1423 661 1658 724 sentiat.
1719 661 2065 729 Aristoteles
2109 662 2288 741 longe
2333 662 2618 725 omnibus
2663 674 2700 722 5

451 784 532 794 --
555 749 866 810 Platonem
891 766 1128 828 semper
1151 747 1382 829 excipio
1406 782 1492 793 —-
1514 755 1823 828 praestans
1845 755 1906 809 et
1928 747 2172 827 ingenio
2200 755 2258 809 et
2287 747 2617 827 diligentia,

452 851 585 895 cum
633 841 916 912 quattuor
961 841 1105 896 nota
1148 832 1246 894 illa
1291 850 1515 912 genera
1559 832 1994 913 principiorum
2040 840 2197 894 esset
2245 834 2617 913 complexae,

453 937 487 980 e
532 918 750 997 quibus
795 918 993 980 omnia
1041 926 1381 992 orerentur,
1430 918 1694 997 quintam
1743 917 2040 997 quandam
2086 925 2362 979 naturam
2408 926 2621 980 censet

451 1022 599 1078 esse,
645 1022 678 1065 e
723 1022 838 1083 qua
869 1004 945 1066 sit
973 1022 1165 1065 mens.
1242 1003 1517 1083 Cogitare
1548 1004 1710 1065 enim
1741 1013 1799 1063 et
1871 1004 2159 1077 revidere,
2203 1011 2266 1064 et
2297 1004 2525 1066 discere
2558 1012 2623 1065 et

452 1090 688 1164 docere,
737 1099 796 1151 et
825 1089 1097 1151 invenire
1124 1088 1346 1168 aliquid
1381 1096 1442 1150 et
1470 1098 1591 1149 tam
1620 1088 1802 1150 multa
1860 1084 1990 1173 alia]
2022 1088 2384 1164 meminisse,
2414 1107 2619 1149 amare
2666 1100 2734 1149 10

452 1174 665 1249 odisse,
727 1193 945 1257 cupere
989 1175 1219 1249 timere,
1266 1174 1403 1253 angi
1461 1173 1692 1250 laetari,
1749 1174 1896 1235 haec
1940 1182 2000 1235 et
2042 1174 2252 1236 similia
2298 1192 2507 1235 eorum
2552 1174 2616 1235 in

451 1260 669 1321 horum
715 1268 996 1339 quattuor
1038 1278 1329 1340 generum
1374 1259 1573 1323 inesse
1620 1260 1785 1321 nullo
1843 1267 2044 1339 putat;
2103 1259 2378 1339 quintum
2424 1278 2622 1339 genus

452 1344 691 1407 adhibet
720 1363 934 1407 vacans
966 1346 1230 1418 nomine,
1277 1353 1337 1407 et
1379 1345 1465 1408 sic
1510 1346 1705 1426 ipsum
1750 1346 2015 1407 animum
2062 1340 2466 1424 ἐνδελέχειαν
2504 1363 2620 1425 ap-

453 1430 636 1512 pellat
678 1450 834 1492 novo
879 1431 1127 1494 nomine
1174 1431 1341 1511 quasi
1386 1430 1686 1509 quandam
1733 1431 2140 1492 continuatam
2183 1432 2511 1492 motionem
2558 1437 2622 1491 et

454 1532 806 1595 perennem.
2673 1528 2736 1577 15

372 1609 457 1660 11¹³
630 1599 755 1661 Nisi
802 1617 953 1678 quae
986 1618 1080 1660 me
1110 1600 1265 1661 forte
1294 1600 1556 1677 fugiunt,
1599 1601 1749 1660 haec
1795 1608 1938 1661 sunt
1980 1602 2107 1663 fere
2146 1602 2217 1662 de
2248 1600 2444 1661 animo
2475 1619 2619 1661 sen-

454 1685 696 1746 tentiae.
749 1684 1157 1745 Democritum
1202 1684 1384 1757 enim,
1430 1701 1713 1764 magnum
1758 1685 1921 1745 illum
1968 1686 2208 1763 quidem
2252 1686 2466 1761 virum,
2510 1686 2621 1747 sed

454 1768 682 1830 levibus
727 1776 786 1829 et
842 1769 1116 1843 rotundis
1161 1770 1536 1848 corpusculis
1595 1769 1951 1831 efficientem
2010 1771 2272 1831 animum
2318 1788 2625 1832 concursu

456 1854 714 1933 quodam
758 1854 1024 1927 fortuito,
1073 1854 1438 1930 omittamus;
1498 1853 1647 1915 nihil
1704 1863 1793 1915 est
1851 1855 2012 1916 enim
2070 1856 2225 1935 apud
2269 1856 2416 1918 istos
2458 1856 2624 1934 quod

455 1987 612 2040 keine
649 1987 868 2054 geistige
903 1988 1029 2039 oder
1061 1987 1130 2055 ph
1172 1987 1340 2039 sische
1362 1991 1490 2052 (von
1593 1988 1855 2040 ubersetzt
1890 1987 2096 2040 werden
2132 1987 2353 2053 konnte',
2398 1988 2625 2044 sondern

458 2055 576 2110 dem
612 2055 768 2107 Leibe
807 2055 1098 2121 trennbare)
1174 2055 1300 2107 eele.
1595 2051 1894 2122 ἐντελέχεια
1937 2059 2097 2107 neunt
2131 2056 2287 2109 Arist.
2324 2056 2423 2108 den
2460 2056 2628 2124 Geiet,

526 2127 578 2177 3.
622 2126 819 2190 quippe
861 2140 998 2189 quae
1019 2124 1172 2175 nulla
1207 2128 1280 2174 cit
1312 2123 1377 2175 da
1414 2124 1491 2175 sie
1594 2123 1643 2176 d.
1668 2124 1718 2175 h.
1768 2125 1883 2176 eine
1928 2122 2027 2175 den
2065 2122 2261 2191 Korper
2305 2124 2630 2191 bewegende

452 2192 512 2255 ja
552 2206 645 2257 gar
679 2192 823 2243 nicht
857 2192 938 2244 fiir
973 2192 1082 2244 sich
1118 2191 1351 2244 bestehe.
1594 2190 1767 2254 Krast,
1811 2190 1971 2243 durch
2007 2190 2205 2243 welche
2241 2189 2409 2243 dieser
2443 2194 2630 2245 seinen

526 2263 577 2313 4.
656 2262 1043 2327 temperatione
1116 2264 1350 2311 naturae
1407 2258 1491 2311 die
1595 2259 1787 2312 Zweck
1823 2275 1886 2312 zu
1925 2260 2188 2311 erreichen
2222 2274 2449 2326 vermag.

459 2327 745 2380 naturliche
755 2326 1491 2395 Einrichtung,0rganisation.
1669 2330 1748 2381 16.
1786 2329 1932 2392 haee,
1968 2342 2010 2379 s.
2036 2327 2084 2380 d.
2109 2326 2227 2380 krit.
2251 2327 2385 2388 Aah.

531 2400 581 2449 7.
651 2400 912 2462 quattuor
956 2424 1026 2435 —
1083 2412 1291 2461 genera
1336 2398 1495 2462 prin·
1672 2400 1751 2450 17.
1772 2397 2155 2450 Democritum.
2209 2394 2274 2447 Er
2310 2411 2418 2447 war
2437 2412 2501 2449 zu
2524 2395 2634 2476 Al)-

456 2480 731 2585 {²1¹2ssssssss
743 2502 758 2596 ζ
830 2464 1334 2600 ἳζῖιὶἃξῗωέὲῗὲἳ
1386 2479 1497 2584 ἶὲἒζ
1598 2463 1719 2584 ἓὲἷὲ
1745 2463 2493 2599 52⁰s1ifi⁶1¹zssdtz¹²ffgssssffp332
2512 2464 2633 2584 «1ῧέὲί

457 2600 807 2668 Empedokles
843 2601 1156 2666 aufgestellt.
1203 2600 1374 2653 Unten
1412 2604 1493 2664 17,
1598 2615 1691 2653 sen
1726 2600 1888 2652 Lehre
1923 2615 2028 2653 von
2063 2599 2162 2652 den
2191 2601 2409 2653 Atomen
2447 2599 2631 2653 weiter

458 2671 526 2721 40
563 2668 774 2720 werden
813 2669 889 2721 sie
925 2685 1156 2735 corpora
1192 2675 1435 2734 genennt.
1598 2683 1707 2721 aus.
1743 2668 1860 2735 Vgl.
1887 2668 1952 2720 de
1977 2668 2114 2721 deor.
2141 2683 2190 2720 n.
2214 2668 2254 2733 1,
2279 2670 2360 2731 24,
2387 2670 2478 2722 66:
2512 2669 2629 2719 Ista

530 2739 577 2788 9.
650 2752 678 2785 e
742 2752 849 2801 qua
900 2739 975 2786 sit
1016 2752 1180 2788 mem.
1249 2736 1350 2789 Das
1404 2736 1493 2788 hat
1597 2738 1739 2787 enim
1768 2739 1986 2802 flagitia
2010 2737 2311 2788 Democriti
2330 2738 2441 2787 sive
2464 2738 2629 2787 etiam

466 2802 773 2856 Aristoteles
798 2803 987 2855 nicht
1021 2803 1246 2869 gelehrt3
1287 2806 1366 2856 sur
1402 2804 1497 2857 das
1598 2810 1724 2856 ante
1791 2804 2081 2871 Leucippi,
2137 2821 2250 2855 esee
2308 2805 2628 2872 corpur-mla

462 2874 512 2924 5.
536 2870 773 2922 Element
797 2870 1020 2922 erklfirte
1045 2886 1100 2923 er
1123 2871 1370 2923 vielmehr
1395 2872 1496 2923 den
1600 2873 1864 2939 quaedam
1898 2874 2038 2925 levia
2062 2869 2232 2937 (λεῖα),
2269 2873 2382 2924 alia
2417 2889 2630 2939 aspera,

461 2937 601 2991 Stoff
628 2941 812 2999 (σῶμα
840 2934 1305 3009 κυκλοφορητικόν
1341 2939 1498 2991 αἰθέ-
1598 2942 1836 2992 rotunda
1880 2941 2018 3006 alia,
2062 2944 2271 3008 partim
2309 2946 2498 2992 autem
2531 2957 2629 2991 an·

462 3025 586 3126 53?
595 3003 1053 3142 matii-5133?
1104 3023 1224 3128 ἶῗέ.
1242 3008 1494 3128 urhe?
1595 3010 1816 3129 {m
1835 3010 2439 3142 .'²“2’3.“‘“..-3²⁴‘¹.‘;s⁰2⁶2⁷?.25
2472 3012 2631 3128 2²25}

463 3142 625 3194 stirne
672 3145 765 3208 (τὰ
811 3112 1059 3212 αἰθέρια),
1089 3143 1373 3197 bestfinden
1409 3144 1496 3210 (de
1600 3147 1807 3197 eaelum
1851 3150 2013 3211 atque
2059 3151 2300 3216 tem-am,
2339 3146 2491 3197 nulla
2538 3160 2626 3196 co-

465 3211 610 3263 caelo
648 3210 685 3263 Ι.
713 3213 744 3264 2
782 3210 885 3263 und
923 3215 980 3273 ὃς
1016 3211 1073 3265 11.
1102 3216 1131 3264 7
1175 3212 1278 3265 und
1324 3212 1495 3278 oster).
1593 3218 1756 3279 gente
1813 3219 2040 3278 natura,
2109 3215 2223 3265 sed
2290 3228 2626 3265 concursu

461 3278 641 3332 Dieser
674 3278 854 3332 lrrtum
901 3295 1020 3347 mag
1065 3280 1157 3332 aus
1197 3281 1337 3331 einer
1372 3280 1496 3332 Ver·
1601 3283 1880 3347 quodam
1923 3281 2246 3344 fortuito.
2315 3281 2468 3333 Diese
2501 3281 2623 3333 letz-

466 3348 800 3414 wechselung
845 3349 939 3399 mit
983 3348 1083 3400 den
1120 3347 1361 3400 Stoikern
1409 3348 1497 3399 be·
1600 3358 1687 3402 ten
1744 3349 1921 3402 Worte
1975 3350 2240 3402 euthalten
2293 3351 2423 3402 auch
2478 3350 2625 3402 einen

465 3416 647 3480 ruben,
673 3416 873 3469 welche
898 3416 983 3470 die
1002 3416 1236 3469 Gestirne
1256 3417 1336 3467 fiir
1352 3415 1497 3468 Geis-
1598 3418 1804 3482 Irrtum,
1851 3418 1916 3469 da
1963 3419 2095 3470 nach
2137 3418 2229 3470 der
2271 3418 2433 3470 Lehre
2477 3419 2626 3483 jener

466 3487 545 3535 ter
578 3482 835 3537 erkliirten
875 3485 977 3537 und
1027 3485 1111 3536 die
1147 3483 1496 3536 menschliche
1599 3485 1952 3553 Philosophen
1988 3486 2072 3539 die
2098 3485 2343 3539 Schwere
2379 3486 2469 3538 der
2502 3485 2623 3537 Ato-

464 3548 615 3603 Seele
660 3566 754 3604 aus
804 3553 1101 3606 demselben
1137 3551 1277 3605 Stoff
1313 3551 1497 3604 herlei-
1600 3570 1712 3621 me,
1756 3554 1902 3606 nicht
1943 3553 2033 3606 der
2075 3554 2242 3606 Zusall
2283 3554 2371 3606 die
2406 3553 2625 3606 Ursache

465 3622 623 3672 teten.
1600 3624 1739 3677 ihtes
1757 3623 2256 3676 zusammenstorses
2277 3637 2524 3688 gewesen
2540 3622 2623 3674 ist.

539 3690 619 3741 13.
635 3683 1197 3753 evdeZixeeav.Wieder
1208 3690 1289 3741 ein
1312 3687 1499 3751 grohes
1675 3694 1755 3747 18.
1778 3690 2130 3755 efficientem:
2150 3691 2421 3743 entstehen
2441 3690 2622 3742 lassen.

469 3754 734 3807 Versehen
760 3756 980 3809 Ciceros.
1007 3756 1165 3809 Nicht
1181 3753 1503 3824 ἐνδελέχεια,
1675 3763 1755 3813 19.
1774 3760 1924 3826 apud
1938 3763 2086 3825 istos,
2103 3759 2306 3812 beiden
2321 3759 2624 3824 Atomisten,

470 3838 579 3875 was
600 3823 856 3877 allensalls
876 3824 1034 3878 durch
1055 3830 1312 3879 continua
1332 3829 1498 3878 niolio
1603 3826 1769 3881 denen
1810 3828 1918 3881 sich
1955 3828 2085 3881 auch
2122 3826 2318 3897 Epikur
2353 3826 2623 3880 anschlofs.
