2834 4317
359 886 436 940 22

362 1573 422 1622 52

462 191 585 250 140

1148 192 1337 245 LIBER
1370 191 1429 246 ll.
1467 196 1550 257 21,
1587 196 1668 248 50.
1706 194 1789 257 22,
1825 196 1907 248 51.
1946 195 2029 247 52.

459 363 669 428 dolor?
726 365 933 446 Itaque
971 366 1037 430 in
1078 366 1357 429 extremis
1387 365 1609 447 Niptris
1649 365 1795 427 alios
1837 383 2078 445 quoque
2120 363 2394 446 obiurgat
2433 365 2617 447 idque

461 452 750 513 moriens:

777 536 1064 619 Conqueri
1089 537 1395 616 fortunam
1425 537 1745 608 adversam,
1775 538 1895 598 ηόη
1925 535 2237 598 lamentari
2264 536 2441 608 decen

773 618 866 683 'Id
892 625 1015 684 viri
1040 633 1121 685 est
1151 624 1447 704 officium.-
1473 622 1646 702 fletus
1673 621 1949 684 muliebri
1974 626 2207 702 inqenio
2239 622 2486 683 additus.

461 706 652 769 Huius
680 707 860 768 animi
891 725 1029 788 pars
1059 707 1154 769 illa
1184 707 1419 768 mollior
1449 706 1667 768 rationi
1710 708 1794 769 sic
1826 707 2040 787 paruit,
2084 715 2153 767 ut
2192 725 2398 769 severo
2429 708 2619 787 impe-
2667 721 2700 770 5

460 791 643 854 ratori
673 792 841 854 miles
870 793 1123 873 pudens.

642 876 710 939 In
736 897 855 957 quo
886 896 1027 939 vero
1049 878 1164 939 erit
1193 878 1456 959 perfecta
1485 876 1791 957 sapientia,
1823 895 2001 957 quem
2026 877 2219 939 adhuc
2244 896 2357 939 nos
2380 877 2620 958 quidem

359 977 415 1026 51
460 962 712 1024 vidimus
746 963 1064 1038 neminem,
1108 964 1209 1025 sed
1256 962 1750 1044 philosophorum
1796 962 2109 1025 sententiis
2153 962 2344 1042 qualis
2383 962 2482 1024 bic
2524 963 2622 1025 fu-

461 1055 634 1109 turus
677 1048 770 1122 sit,
816 1049 865 1109 si
908 1050 1087 1110 modo
1117 1048 1437 1128 aliquando
1480 1048 1678 1123 fuerit,
1725 1048 2063 1128 exponitur,
2109 1048 2160 1109 is
2190 1048 2372 1128 igitur
2399 1048 2520 1110 sive
2550 1066 2619 1109 ea

462 1133 633 1207 ratio,
679 1152 832 1213 quae
864 1134 977 1195 erit
1006 1134 1068 1195 in
1103 1153 1175 1195 eo
1205 1135 1470 1214 perfecta
1509 1142 1685 1213 atque
1720 1134 2008 1208 absoluta,
2054 1134 2139 1195 sic
2183 1133 2268 1195 illi
2310 1134 2460 1214 parti
2506 1132 2618 1193 im·
2672 1145 2733 1214 10

460 1218 695 1298 perabit
724 1219 1014 1295 inferiori,
1060 1228 1127 1281 ut
1168 1219 1359 1282 iustus
1391 1237 1610 1299 parens
1639 1219 1845 1300 probis
1874 1218 2042 1293 filiis3
2089 1227 2242 1281 nutu
2272 1219 2428 1298 quod
2458 1217 2620 1280 volet

463 1304 760 1378 conficiet,
809 1304 973 1366 nullo
1006 1305 1231 1380 labore,
1279 1305 1439 1366 nulla
1482 1304 1781 1380 molestia3
1826 1304 2016 1383 eriget
2044 1304 2172 1384 ipse
2202 1322 2266 1366 se
2296 1303 2622 1376 suscitabit,

462 1389 721 1452 instruet
765 1389 1036 1466 armabit,
1082 1399 1150 1452 ut
1190 1400 1489 1470 tamquam
1534 1389 2114 1488 hfossiiaiffffiistat
2156 1390 2365 1451 dolori.
2455 1389 2623 1460 Quae

463 1484 607 1537 sunt
635 1475 745 1538 ista
776 1473 984 1537 arma?
1030 1476 1356 1551 contentio,
1403 1473 2125 1554 confirmatiossermoque
2152 1475 2439 1550 intumuS‚
2486 1492 2623 1535 cum

464 1560 593 1640 ipse
624 1579 864 1624 secum:
890 1554 1067 1623 ‘Cave
1097 1569 1273 1641 turpe
1305 1562 1647 1640 quicquam,
1677 1560 2046 1639 languidum,
2078 1579 2201 1622 non
2233 1553 2435 1621 virile?
2501 1559 2625 1622 Ob-
2673 1571 2735 1621 15

464 1657 779 1732 versentur
808 1647 1040 1740 species
1061 1647 1365 1736 Jionestae
1410 1654 1472 1707 et
1512 1664 1714 1707 verae:
1761 1645 1922 1706 Zeno
1967 1657 2343 1726 proponatur
2370 1645 2625 1720 Eleates,

466 1731 569 1810 qui
599 1717 923 1812 perpes‘sus
954 1723 1044 1793 est
1074 1732 1272 1792 omnia
1315 1732 1536 1811 potius,
1583 1749 1759 1810 quam
1799 1731 2078 1793 conscios
2108 1732 2390 1792 delendae
2420 1740 2624 1811 tyran-

467 1814 623 1877 nidis
665 1815 984 1890 indicaret;
1041 1815 1115 1877 de
1158 1816 1507 1878 Anaxarcho
1552 1815 1915 1877 Democritio
1970 1817 2284 1896 cogitetur,
2342 1815 2444 1895 qui
2489 1833 2628 1877 cum

468 1899 647 1982 Cypri
676 1901 737 1962 in
769 1920 983 1963 manus
1013 1901 1427 1964 Nicocreontis
1457 1901 1614 1982 regis
1642 1901 1970 1977 incidisset,
2001 1901 2231 1964 nullum
2262 1919 2455 1981 genus
2482 1920 2630 1980 sup-

541 2104 591 2154 5.
645 2101 847 2165 Huius,
922 2102 1074 2155 nfiml.
1124 2102 1325 2168 Ulixis,
1395 2119 1500 2155 von

471 2172 644 2221 animi
677 2170 951 2237 abhfingig.

538 2256 587 2307 6.
606 2255 757 2306 miles
776 2255 999 2321 pudens,
1039 2251 1310 2323 αἰδήμων.
1354 2254 1502 2308 Hom.

469 2322 525 2376 11.
551 2322 888 2391 x111.121sq.
927 2324 1136 2376 werden
1173 2324 1255 2374 die
1293 2323 1503 2389 Krieger

472 2392 774 2457 angeredet:
800 2420 864 2429 -
893 2387 1016 2443 ἀλλ’
1047 2396 1109 2443 ἐν
1134 2396 1292 2462 φρεσὶ
1317 2391 1504 2444 θέσθε

474 2462 703 2512 ἕκαστος
738 2454 880 2511 αἰδῶ
916 2464 1008 2511 καὶ
1042 2464 1281 2526 νέμεσιν.

541 2547 588 2598 8.
613 2548 897 2612 neminem,
942 2545 1049 2611 vgl.
1071 2544 1108 2598 1.
1135 2548 1183 2609 6,
1214 2549 1300 2598 11:
1342 2544 1501 2598 nulli.

544 2616 623 2668 13.
644 2620 914 2678 tamquam
933 2615 1078 2665 hosti
1093 2616 1172 2665 sic
1191 2643 1257 2652 —
1277 2628 1362 2664 um
1381 2613 1502 2665 dem

471 2679 720 2732 Schmerz
758 2696 917 2747 ganz
954 2682 1056 2733 wie
1104 2683 1271 2733 einem
1307 2680 1500 2734 Feinde

471 2748 805 2800 Widerstand
842 2764 905 2801 zu
943 2748 1144 2802 leisten.
1197 2749 1311 2815 Vgl.
1337 2750 1401 2802 de
1428 2766 1501 2803 or.

470 2815 529 2868 11.
567 2817 660 2878 37,
702 2819 829 2869 154:
876 2818 1062 2868 timide
1109 2822 1384 2883 tamquam
1431 2818 1505 2868 ad

472 2883 708 2949 aliquem
721 2884 967 2935 libidinis
977 2887 1250 2950 scopulum
1263 2889 1344 2935 sic
1353 2891 1505 2936 tuam

473 2955 702 3002 mentem
723 2952 797 3002 ad
806 2953 1207 3018 philosophiam
1217 2954 1481 3018 appulisti
1491 2974 1504 3013 ς

473 3018 536 3070 ad
574 3018 695 3071 fam.
720 3018 805 3070 lx.
834 3022 921 3073 16:
961 3023 1119 3086 quasi
1151 3037 1349 3072 aurum
1382 3024 1507 3088 igni

472 3090 552 3138 sio
606 3089 965 3140 benivolentia
1018 3090 1262 3155 periculo
1316 3091 1503 3155 aliquo

468 3157 712 3222 perspici
740 3160 930 3222 potest.

543 3223 692 3288 Quae
725 3229 854 3275 sunt
889 3227 996 3276 ista
1033 3229 1223 3277 arma?
1266 3225 1358 3277 Die
1375 3242 1503 3292 per-

476 3296 716 3344 contatio
752 3292 895 3344 dieut
929 3292 1039 3344 hier
1087 3309 1181 3346 nur
1217 3294 1373 3360 dazu,
1418 3294 1502 3345 die

474 3360 949 3413 Ausmerksamkeit
984 3360 1075 3412 des
1101 3361 1280 3414 Lesers
1305 3362 1398 3414 auf
1417 3363 1501 3414 die

474 3428 717 3495 folgende
742 3431 984 3482 Antwort
1017 3445 1081 3481 zu
1106 3444 1361 3495 spannen;
1398 3431 1502 3483 wie

472 3499 506 3562 ξ
545 3500 636 3550 53:
675 3497 784 3550 Gur
819 3512 949 3563 ergo
979 3502 1169 3564 postea
1204 3498 1341 3549 alii?

543 3584 626 3636 15.
661 3585 775 3648 ipse
807 3597 1004 3648 secum,
1040 3596 1111 3635 sc.
1139 3583 1499 3649 conloquitur.

541 3668 621 3719 16.
671 3669 872 3733 species
916 3667 1165 3718 honestae
1217 3672 1269 3717 et
1310 3682 1497 3719 verae:

473 3731 745 3786 Vorbilder
781 3735 871 3787 der
906 3733 1139 3801 Tugend,
1175 3735 1372 3788 welche
1409 3736 1500 3787 der

473 3799 837 3855 Wirklichkeit
888 3803 1121 3860 entlehnt
1165 3804 1308 3866 sind3
1362 3805 1497 3856 deun

471 3868 612 3922 diese
658 3869 773 3923 sind
827 3886 907 3923 am
956 3871 1338 3932 wirksamsten,
1394 3873 1498 3924 und

1604 2117 1661 2154 es
1699 2102 1905 2155 werden
1942 2101 2070 2154 auch
2106 2102 2177 2154 im
2201 2100 2499 2170 Folgenden
2535 2116 2634 2155 nur

1603 2171 1912 2224 historische
1947 2169 2207 2238 Beispiele
2244 2169 2537 2237 angefiibrt.

1670 2239 1820 2290 Zeno
1857 2254 1948 2290 aus
1972 2238 2093 2289 Elea
2131 2239 2182 2290 in
2209 2237 2631 2304 Grot'sgriechen·

1603 2307 1742 2372 land,
1779 2306 1996 2359 Schuler
2030 2307 2123 2358 des
2160 2305 2506 2371 Parmenides,
2543 2322 2630 2358 um

1604 2377 1707 2428 460
1724 2391 1774 2426 v.
1791 2375 1923 2439 Chr„
1947 2374 2066 2439 soll,
2091 2376 2168 2426 als
2192 2375 2282 2426 ibn
2306 2375 2396 2427 der
2418 2373 2630 2442 Tyrann

1604 2442 1869 2495 Nearchus
1903 2442 2055 2508 (nach
2079 2443 2325 2495 anderen:
2363 2441 2635 2510 Demylus)

1604 2510 1907 2563 zumVerrat
1930 2526 1993 2564 an
2019 2511 2196 2563 seinen
2215 2510 2651 2575 Mitverscbworffi

1605 2594 1707 2631 nen
1731 2579 1967 2645 zwingen
1994 2579 2192 2644 wollte,
2215 2579 2326 2631 sich
2351 2578 2434 2631 die
2453 2579 2565 2631 Zun
2605 2594 2637 2631 e

1605 2647 1911 2712 abgebissen
1948 2646 2055 2700 und
2089 2647 2163 2699 sie
2188 2647 2290 2698 ihm
2317 2648 2399 2699 ins
2423 2646 2576 2700 Gesic
2614 2654 2637 2697 t

1605 2716 1849 2782 gespieen
1887 2714 2069 2780 baben,
2106 2715 2308 2768 woranf
2340 2715 2428 2766 ihn
2465 2715 2636 2768 dieser

1604 2784 1656 2834 in
1695 2783 1861 2834 einem
1887 2782 2082 2835 Morser
2117 2782 2251 2836 habe
2286 2784 2632 2850 zerstampfen

1605 2850 1776 2903 lassen
1816 2850 1948 2917 (Val.
1985 2850 2120 2904 Max.
2155 2851 2232 2904 111.
2269 2854 2317 2917 3,
2354 2854 2423 2917 3).

1680 2923 1762 2973 17.
1790 2922 1977 2985 polius
2010 2935 2171 2986 quam
2205 2919 2297 2972 hat
2330 2920 2414 2974 bei
2451 2919 2634 2971 Cicero

1608 2987 1789 3039 immer
1824 2986 1916 3039 das
1953 2988 2194 3053 folgende
2233 2986 2483 3053 Verbum,
2527 2988 2634 3039 wie

1607 3055 1717 3108 hier
1739 3057 2024 3120 indicaret,
2043 3057 2109 3107 im
2132 3055 2468 3122 Konjunktiv,
2494 3055 2633 3109 ohne

1607 3129 1695 3185 ατς
1715 3139 1774 3175 so
1794 3124 1923 3177 auch
1942 3122 2165 3175 Acaddl.
2181 3126 2328 3189 8,23:
2355 3128 2440 3175 vir
2465 3127 2634 3176 bonus

1605 3195 1800 3242 statuit
1834 3208 2039 3244 omnem
2063 3195 2364 3244 cruciatum
2380 3192 2637 3258 perferre

1605 3287 1673 3378 ἶ
1694 3264 1874 3327 potius
1906 3276 2068 3326 quam
2092 3265 2208 3311 aut
2228 3260 2474 3323 officium
2499 3276 2634 3327 pro-

1642 3333 1701 3379 αι
1735 3332 1830 3380 cet.

1680 3397 1760 3449 18.
1778 3398 2141 3447 Anauon-chus
2175 3411 2269 3449 aus
2291 3395 2510 3459 Abdera,
2546 3397 2632 3449 ein

1603 3463 1881 3530 Anhfinger
1903 3463 2206 3530 Democrits,
2230 3463 2489 3530 Begleiter
2512 3464 2635 3516 Ale-

1601 3533 1819 3584 xanders
1839 3532 1887 3586 d.
1906 3532 2008 3595 Gr„
2045 3533 2185 3584 hatte
2221 3531 2318 3585 den
2342 3531 2633 3585 Nicocreon

1601 3602 1674 3666 (in
1735 3601 1832 3653 den
1894 3601 2074 3653 besten
2128 3599 2338 3652 Hdschr.
2395 3601 2631 3653 Ciceros:

1600 3668 1930 3733 Timocreon)
1953 3669 2128 3721 friiher
2151 3669 2338 3721 einmal
2364 3668 2633 3735 beleidigt,

1602 3737 1770 3789 wosur
1804 3737 1890 3789 ibn
1930 3736 2099 3789 dieser
2143 3738 2274 3789 nach
2309 3737 2634 3790 Alexanders

1598 3803 1744 3925 glode
1779 3805 2109 3858 zerfleischen
2147 3805 2280 3857 liets.
2339 3803 2645 3871 (Val.Max.·

1659 3910 1675 3925 .
1711 3875 1759 3939 3,
1801 3876 1906 3939 59.)
