2834 4317
917 136 1131 210 'Lines
1164 158 1221 212 11.
1260 160 1307 223 2,
1344 162 1396 215 5.
1429 161 1478 213 e.
1516 161 1565 223 3,
1602 162 1648 211 τ.
2256 160 2375 216 111

1615 303 1621 310 .
1716 275 1721 280 ·
1826 257 1901 308 μς

224 351 478 413 eamque
522 351 634 394 nos
664 331 1023 406 adiuvemus,
1070 350 1299 411 nosque
1329 331 1492 412 ipsos
1516 287 1825 411 *adai-giis
1840 331 2148 411 refellique
2191 332 2375 412 patia—

224 436 379 479 mur.
441 417 615 489 Quod
658 417 698 479 ii
742 418 946 479 ferunt
987 417 1187 478 animo
1230 417 1462 497 iniquo,
1507 416 1610 495 qui
1653 416 1831 478 certis
1877 416 2231 496 quibusdam
2273 419 2378 479 de-

224 503 579 581 stinatisque
636 479 947 565 senientiis
1004 502 1171 583 quasi
1224 502 1441 564 addicti
1497 509 1558 562 et
1606 502 1938 563 consecrati
1991 512 2133 564 sunt
2190 521 2378 582 eaque

226 588 580 651 necessitate
610 588 938 665 constricti,
969 597 1038 649 ut
1060 587 1252 663 etiam,
1284 606 1436 667 quae
1467 606 1588 648 non
1615 586 1870 667 probare
1899 588 2147 661 soleant,
2179 606 2246 649 ea
2278 607 2380 649 co-

145 687 178 736 5
225 682 447 754 gantur
468 673 840 735 constantiae
862 692 1038 735 causa
1062 673 1415 749 defendere3
1441 691 1572 747 nos,
1599 673 1700 751 qui
1726 672 2030 752 sequimur
2052 672 2381 753 probabilia

225 778 340 822 nec
387 760 540 820 ultra
586 776 762 837 quam
791 759 863 819 ad
895 758 985 833 id,
1032 758 1193 838 quod
1220 758 1344 819 veri
1373 757 1564 820 simile
1595 758 1886 833 occurrit,
1929 758 2209 838 progredi
2240 778 2378 839 pos-

224 861 467 919 sumuS,
513 853 572 905 et
615 843 891 906 refellere
934 844 1066 905 sine
1111 843 1440 923 pertinacia
1472 849 1529 903 et
1560 843 1749 905 refelli
1779 844 1910 906 sine
1939 844 2245 905 iracundia
2274 863 2380 925 pa-

225 930 337 992 rati
367 947 596 991 sumus.

398 1014 572 1086 Quod
603 1014 652 1075 si
682 1015 829 1075 haec
859 1013 1048 1074 studia
1078 1013 1345 1074 traducta
1389 1021 1569 1073 erunt
1610 1013 1682 1073 ad
1728 1023 1999 1088 nostros,
2045 1033 2122 1075 ne
2168 1014 2381 1076 biblio·
2426 1025 2456 1073 6

120 1110 180 1159 10
225 1100 416 1162 thecis
459 1099 698 1179 quidem
745 1097 986 1161 Graecis
1030 1098 1370 1177 egebimus,
1417 1098 1479 1158 in
1528 1095 1744 1176 quibus
1787 1098 2103 1161 multitudo
2149 1100 2382 1162 infinita

224 1185 520 1247 librorum
543 1192 794 1265 propter
806 1201 1015 1245 eorum
1030 1192 1122 1246 est
1143 1182 1602 1262 multitudinem,
1628 1183 1729 1262 qui
1753 1184 2152 1264 scripserunt;
2178 1184 2382 1247 eadem

15 1267 16 1322 l
226 1271 388 1333 enim
418 1270 703 1331 dicuntur
730 1287 763 1329 a
794 1268 1024 1343 multis,
1070 1287 1142 1329 ex
1187 1286 1307 1347 quo
1338 1267 1507 1329 libris
1549 1268 1748 1329 omnia
1776 1269 2176 1344 referserunt3
2222 1270 2389 1349 quod

225 1356 455 1418 accidet
483 1355 656 1417 etiam
689 1354 944 1427 nostris,
975 1354 1025 1415 si
1054 1354 1126 1415 ad
1158 1353 1306 1414 haec
1337 1352 1531 1414 studia
1562 1352 1765 1434 plures
1798 1354 2217 1416 confluxerint.
2263 1355 2384 1416 Sed

225 1460 349 1516 eos,
380 1442 430 1502 si
461 1458 796 1521 possumus,
828 1439 1173 1513 excitemus,
1206 1437 1308 1518 qui
1330 1436 1654 1499 liberaliter
1677 1437 1891 1500 eruditi
1915 1438 2174 1501 adhibita
2204 1441 2379 1502 etiam

15 1533 16 1566 ³
122 1530 181 1579 15
225 1525 554 1589 disserendi
599 1525 888 1605 elegantia
931 1524 1163 1585 ratione
1219 1531 1278 1585 et
1320 1523 1410 1583 via
1462 1523 1978 1604 philosophantur.
2069 1524 2175 1587 Est
2217 1526 2376 1586 enim
2412 1534 2451 1589 3

225 1612 524 1693 quoddam
570 1628 764 1691 genus
806 1628 1046 1684 eorum,
1107 1609 1212 1688 qui
1272 1627 1336 1670 se
1380 1607 1770 1688 philosophos
1825 1609 2106 1690 appellari
2152 1610 2382 1681 volunt,
2425 1625 2453 1673 7

226 1714 483 1777 quorum
508 1696 796 1758 dicuntur
818 1714 947 1757 esse
962 1694 1156 1755 Latini
1181 1712 1324 1755 sane
1348 1692 1519 1753 multi
1542 1694 1711 1769 libri3
1734 1714 1887 1774 quos
1911 1713 2033 1755 non
2060 1704 2380 1757 contemno

226 1783 538 1863 equidem,
585 1783 809 1861 quippe
839 1799 991 1860 quos
1020 1798 1349 1858 numquam
1379 1778 1660 1857 legerim;
1705 1779 1808 1841 sed
1854 1780 1992 1859 quia
2023 1782 2386 1860 profitentur
2450 1783 2453 1786 ’

225 2070 299 2121 Et
321 2070 577 2135 quoniam
597 2073 881 2119 oratorum
896 2094 968 2105 —
988 2066 1255 2131 videatur,

1356 2067 1517 2117 rendi
1549 2065 1821 2131 elegantia
1870 2066 2129 2132 gewiihlte
2163 2066 2387 2120 Darstel-

217 2138 565 2203 philosophia
598 2140 873 2189 nascatur.
929 2134 1020 2187 Die
1057 2135 1257 2202 folgen-

1355 2134 1692 2200 lungsweise,
1715 2134 1822 2200 vgl.
1833 2134 1869 2190 Ι.
1881 2136 1966 2200 23,
1976 2138 2042 2189 55
2055 2153 2069 2187 :
2095 2136 2389 2201 eleganter.

226 2205 323 2258 den
343 2203 523 2257 Worte
538 2220 741 2271 nosque
760 2206 1123 2270 -patiamur
1145 2206 1255 2255 eut·
1431 2205 1514 2256 15.
1548 2206 1764 2254 ratione
1798 2210 1851 2253 et
1883 2207 1992 2268 via,
2027 2204 2111 2256 ein
2147 2205 2265 2256 sehr
2301 2219 2389 2271 ge-

225 2273 402 2325 balten
414 2273 564 2325 einen
583 2272 782 2339 logisch
793 2271 1254 2339 untergeordneten
1360 2269 1681 2323 wohnliches
1734 2273 1796 2323 tv
1849 2268 1945 2323 διὰ
2006 2268 2165 2324 δυοῖν
2214 2272 2392 2337 (daher

225 2340 505 2394 Gedanken
523 2363 590 2385 u-
608 2356 828 2407 eamque
859 2356 957 2392 nos
990 2343 1072 2391 ita
1104 2339 1259 2391 adiu·
1358 2337 1599 2402 riihrend,
1634 2337 1748 2390 dats
1773 2338 1949 2391 Cicero
1972 2354 2075 2391 von
2100 2343 2245 2392 ratio
2270 2339 2391 2392 kein

224 2426 425 2474 venius,
471 2414 537 2459 ut
567 2425 665 2461 nos
698 2414 843 2476 ipsos
875 2409 1140 2473 redargui
1172 2423 1256 2458 re·
1358 2405 1478 2469 Adj.
1535 2406 1662 2470 hat):
1724 2406 1815 2457 auf
1868 2407 2390 2473 vernunftgemiissem

222 2477 448 2544 tollique
463 2481 762 2597 patiamur.
816 2477 944 2529 Zum
969 2475 1138 2528 Iulialt
1166 2473 1257 2527 der
1362 2474 1543 2541 wege,
1577 2473 1689 2526 also
1725 2473 2065 2529 methodisch.
2136 2475 2273 2529 Orat.
2307 2478 2392 2541 33,

227 2561 425 2613 ganzen
501 2545 624 2597 telle
659 2546 765 2611 vgl.
803 2544 839 2597 1.
865 2548 913 2607 3,
939 2549 989 2598 5.
1363 2544 1488 2596 116:
1548 2541 1614 2592 In
1668 2544 1930 2607 omnibus,
1989 2559 2126 2608 quae
2177 2547 2393 2596 ratione

10 1847 18 2162 J
225 1869 338 1949 ipsi
382 1867 497 1943 illi,
543 1866 645 1946 qui
692 1885 795 1929 eos
838 1866 1141 1937 scribunt,
1186 1884 1251 1926 se
1296 1882 1493 1943 neque
1538 1864 1813 1928 distincte
1845 1883 2042 1945 neque
2072 1865 2385 1929 distribute

295 2631 367 2666 ex
391 2616 479 2665 his
514 2616 870 2679 temporibus.-
904 2611 1131 2664 Hinweis
1168 2609 1260 2662 auf

228 2682 312 2735 die
348 2681 752 2747 Beschriinkuug
787 2681 876 2733 der
921 2681 1080 2733 freien
1115 2678 1257 2731 Rede

230 2750 333 2804 und
369 2750 657 2816 uberhaupt
693 2749 845 2813 jeder
883 2750 1044 2802 freien
1078 2747 1257 2800 Bewe·

232 2834 372 2939 ἔξεις
416 2819 485 2870 im
532 2816 864 2871 offentlichcn
898 2818 1074 2871 Leben
1109 2821 1260 2870 unter

272 2888 414 2940 ''sars
451 2885 921 2939 Alleinherrschast.

300 2975 351 3026 3.
406 2972 615 3023 addicti
672 2977 724 3022 et
788 2973 1089 3023 consecrati
1160 2970 1259 3022 wie

235 3040 395 3093 durch
466 3041 613 3092 einen
672 3038 1066 3106 Richterspruch
1137 3038 1261 3090 oder

235 3110 478 3175 religiose
538 3107 927 3175 Verpflichtung
990 3105 1261 3173 gebunden

237 3192 301 3229 an
323 3206 406 3229 -.
434 3175 550 3242 Vgl.
572 3173 686 3228 Hor.
707 3192 788 3243 ep,
805 3174 843 3228 1.
865 3179 913 3242 1,
936 3177 1025 3229 14:
1041 3174 1263 3228 Nullius

238 3246 488 3297 addictus
513 3247 702 3296 iurare
725 3247 786 3295 in
810 3246 972 3296 verba
992 3245 1262 3310 magistri.

306 3335 356 3384 5.
401 3332 739 3381 constantiae
790 3346 952 3382 causa
1010 3345 1096 3381 um
1155 3329 1265 3381 sich

237 3397 564 3466 konsequent
597 3413 662 3449 zu
696 3397 920 3451 bleiben.

240 3537 270 3587 9
304 3469 581 3587 ,ἷοτᾳαίηιιιν
631 3467 964 3532 probabilia,
1015 3480 1055 3518 ε.
1110 3481 1172 3517 zu
1226 3462 1265 3519 1.

274 3575 287 3600 ,
380 3574 393 3587 .

309 3622 355 3672 7.
383 3621 695 3686 pertinacia
730 3617 1117 3672 Recbthaberei.

315 3706 391 3756 12.
427 3720 501 3754 eoe
537 3721 661 3770 quo,
695 3704 801 3771 vgl.
836 3703 870 3757 1.
904 3706 983 3767 12,
1008 3705 1094 3756 28.

314 3775 392 3826 14.
406 3789 509 3836 eos,
530 3772 919 3825 bescbr'ankend
931 3790 944 3822 z
956 3786 1052 3823 nur
1063 3771 1266 3832 solche3

243 3840 543 3892 liberaliter
564 3840 782 3908 eruditi,
806 3856 849 3894 S.
878 3845 956 3907 11,
980 3840 1071 3902 273
1107 3840 1268 3891 disse-

1361 2611 1622 2662 docentur
1657 2616 1709 2661 et
1751 2614 1872 2676 via,
1920 2614 2158 2676 primum
2200 2617 2393 2664 consti-

1362 2678 1617 2730 tuendum
1650 2682 1730 2729 est
1759 2679 1892 2744 quid
1924 2680 2159 2747 quidque
2189 2685 2294 2744 ἐἰς
2328 2680 2392 2733 de

1360 2746 1524 2800 fin.1.
1562 2749 1612 2810 9,
1649 2748 1739 2800 29:
1799 2753 1865 2798 ut
1919 2752 2135 2800 ratione
2192 2755 2247 2801 et
2301 2752 2391 2802 via

1354 2814 1619 2882 procedat
1651 2819 1851 2870 oratio.

1426 2883 1903 2950 philosophantur,
1955 2883 2044 2936 der
2095 2882 2221 2951 Ind.,
2273 2886 2395 2937 weil

1363 2951 1466 3071 gic.
1512 2952 1806 3005 bestimmte
1841 2953 2096 3006 Personen
2142 2953 2211 3005 im
2247 2953 2395 3021 Auge

1398 3025 1469 3073 at.

1436 3090 1514 3141 16.
1545 3102 1721 3153 genus
1756 3105 1958 3144 eorum.
2015 3092 2135 3146 Wer
2171 3094 2396 3160 gemeint

1365 3158 1460 3220 sei,
1494 3172 1537 3210 s.
1573 3171 1635 3208 zu
1669 3154 1707 3208 1.
1734 3159 1782 3220 3,
1809 3161 1858 3211 6.

1440 3228 1519 3278 17.
1545 3240 1789 3290 quorum,
1824 3241 1865 3277 s.
1887 3242 1949 3278 zu
1971 3227 2007 3280 l.
2029 3231 2112 3294 25,
2131 3231 2221 3282 62:
2261 3246 2398 3295 quae

1367 3297 1670 3358 investigat.
1747 3292 1859 3344 Wir
1904 3309 2088 3361 sagea:
2134 3298 2250 3348 und
2292 3314 2398 3351 von

1368 3360 1532 3413 denen
1541 3379 1556 3422 ς
1564 3359 1759 3412 Latini
1768 3361 2036 3415 lateiniscli
2047 3366 2200 3430 gesch
2206 3365 2397 3419 rieben.

1442 3431 1522 3483 18.
1567 3429 1826 3496 equidem,
1875 3446 1980 3483 von
2016 3432 2118 3484 Cic.
2168 3449 2261 3486 nur
2315 3435 2399 3487 fur

1369 3497 1463 3549 das
1500 3513 1598 3549 von
1645 3496 1751 3548 ihm
1785 3499 2109 3552 vermiedene
2144 3516 2243 3566 ego
2280 3508 2398 3568 qui—

1372 3566 1490 3617 dem
1525 3564 1829 3631 gebraucht:
1865 3566 1948 3618 ich
1987 3568 2069 3620 sur
2101 3570 2238 3622 mein
2265 3570 2398 3637 Tell,

1369 3634 1455 3686 ich
1488 3633 1832 3695 meinerseits3
1869 3637 1973 3701 vgl.
2012 3641 2060 3703 5,
2089 3640 2150 3692 15
2187 3654 2238 3691 u.
2272 3654 2322 3693 o.

1444 3704 1523 3756 19.
1536 3702 1786 3753 distinete
1802 3703 1896 3754 mit
1913 3705 2140 3758 scharfer
2155 3705 2401 3774 Begriffs-

1371 3770 1741 3835 bestimmung‚
1786 3771 2066 3824 distribute
2106 3775 2197 3826 mit
2238 3776 2399 3840 folge-

1369 3838 1613 3905 richtiger
1635 3836 1965 3906 Gliederung;
1992 3842 2264 3906 eleganter
2288 3844 2398 3894 bez.
