2834 4317
339 354 399 403 36

340 948 397 996 37

443 170 526 227 50
1214 164 1403 220 Lmen
1439 166 1476 223 1.
1516 167 1595 232 16,
1632 167 1713 218 36.
1752 168 1834 219 37.

442 342 892 422 cognoscimuS‚
937 340 1021 403 sic
1064 359 1418 420 permanere
1462 339 1691 401 animos
1734 340 2093 403 arbitramur
2157 358 2459 402 consensu
2499 360 2613 402 na-

445 429 672 489 tionum
720 427 1019 496 omnium,
1065 444 1180 504 qua
1226 426 1287 486 in
1332 425 1472 487 sede
1516 435 1795 488 maneant
1838 427 2163 507 qualesque
2209 425 2329 487 sint
2372 426 2615 487 ratione

444 510 792 573 discendum
825 520 932 573 est.
995 509 1174 572 Cuius
1205 510 1501 591 ignoratio
1533 511 1703 571 finxit
1731 512 1957 573 inferos
1987 530 2206 591 easque
2237 510 2610 584 formidines,

444 616 591 677 quas
621 604 686 657 tu
730 604 1116 658 contemnere
1158 615 1282 657 non
1329 596 1459 657 sine
1504 613 1680 657 causa
1722 596 2015 671 videbare.
2076 597 2145 658 In
2190 605 2410 658 terram
2444 598 2608 657 enim

444 681 791 744 cadentibus
821 680 1176 761 corporibus
1219 682 1408 761 iisque
1437 682 1621 742 humo
1664 683 1855 757 tectiS‚
1875 682 1881 687 “
1902 702 1941 745 e·
1966 701 2085 762 quo
2116 682 2339 744 dictum
2374 692 2468 743 est
2495 681 2598 743 hu·

444 772 619 842 mari,
651 768 949 843 subterra
973 765 1301 827 censebant
1330 765 1615 846 reliquam
1639 768 1815 828 vitam
1840 768 1933 847 agi
1959 776 2350 829 mortuorum.
2412 766 2606 838 Quam

445 870 651 914 eorum
685 852 1029 933 opinionem
1062 852 1263 931 magni
1307 869 1544 913 errores
1574 854 1881 914 consecuti
1922 862 2081 927 sunt,
2128 872 2280 932 quos
2310 864 2613 914 auxerunt

449 945 681 1018 poetae.
744 936 1053 1016 Frequens
1096 937 1257 997 enim
1294 956 1613 999 consessus
1656 938 1890 1011 theatri,
1936 939 1998 998 in
2032 957 2152 1017 quo
2188 948 2333 999 sunt
2360 938 2609 1000 mulier-

445 1023 614 1084 culae
648 1030 706 1084 et
736 1023 928 1101 pueri,
959 1029 1228 1083 movetur
1258 1022 1506 1083 audiens
1536 1031 1653 1083 tam
1685 1024 1911 1103 grande
1942 1041 2213 1084 carmen:

310 1189 319 1196 ,
418 1127 491 1192 m:
538 1104 762 1173 Adsum
791 1116 958 1188 atque
987 1108 1229 1168 advenio
1264 1105 1589 1173 Acherunte
1618 1113 1725 1170 vim
1752 1112 1850 1169 via
1881 1109 2001 1170 alta
2030 1118 2199 1189 atque
2227 1110 2415 1170 cirdua

492 1193 644 1254 »Pe'r
672 1192 973 1272 speluncas
1001 1194 1165 1253 sdmis
1192 1202 1439 1254 structas
1468 1195 1707 1273 dsperis,
1734 1194 2130 1274 pendentibus,

532 1277 855 1348 Mdaeumis,
887 1277 993 1338 ubi
1016 1278 1211 1355 riyida
1242 1286 1462 1340 constat
1490 1281 1687 1340 era'ssa
1717 1280 1899 1359 ealiqo
1932 1280 2211 1358 inferum.

444 1362 822 1441 Tantumque
852 1363 1032 1423 valuit
1073 1380 1261 1436 error,
1309 1363 1409 1442 qui
1454 1364 1598 1426 mibi
1630 1365 1868 1445 quidem
1913 1360 2033 1425 iam¹
2059 1364 2324 1426 sublatus
2352 1363 2606 1437 videtur,

447 1455 530 1521 ut,
577 1466 829 1526 corpora
872 1456 1127 1508 cremata
1172 1466 1306 1509 cum
1348 1448 1605 1525 scirent,
1651 1460 1845 1511 tamen
1896 1468 1962 1511 ea
2005 1451 2135 1511 fieri
2178 1449 2333 1531 apud
2379 1449 2608 1509 inferos

446 1533 764 1610 fingerent,
810 1550 962 1610 quae
1006 1533 1136 1593 sine
1181 1532 1539 1612 corporibus
1586 1553 1697 1595 nec
1741 1535 1870 1596 fieri
1901 1544 2147 1615 possent
2177 1554 2290 1596 nec
2321 1534 2606 1612 intellegi.

446 1617 694 1678 Animos
737 1617 895 1677 enim
936 1635 1045 1697 per
1085 1635 1149 1677 se
1188 1617 1349 1696 ipsos
1390 1618 1638 1681 viventis
1698 1639 1819 1680 non
1868 1628 2146 1699 poterant
2197 1628 2397 1681 mente
2441 1637 2607 1680 com-

445 1702 644 1781 plecti,
692 1702 940 1761 formam
987 1701 1241 1780 aliquam
1289 1703 1660 1783 figuramque
1706 1704 2090 1783 quaerebant.
2172 1706 2319 1767 Inde
2361 1705 2606 1766 Homeri

446 1795 568 1868 tota
601 1788 846 1859 νέκυια,
892 1786 1031 1846 inde
1071 1805 1156 1860 ea,
1203 1804 1354 1866 quae
1397 1790 1569 1849 meus
1611 1790 1835 1851 amicus
1866 1790 2092 1870 Appius
2135 1800 2610 1873 νεκυομαντεῖα

406 1870 719 1944 κ’ἰθοίεἰιεῑ,
752 1870 892 1932 inde
920 1871 983 1931 in
1013 1871 1227 1931 vicinia
1261 1880 1463 1934 nostra
1494 1874 1709 1935 Averni
1739 1874 1919 1949 laem,

515 2075 562 2125 2.
599 2073 828 2136 ratione,
883 2087 922 2123 ε.
950 2086 994 2123 z.
1017 2074 1098 2133 11,
1126 2072 1207 2124 23.
1268 2070 1480 2123 Hierauf

448 2139 654 2192 bezieht
690 2140 801 2190 sich
838 2138 930 2191 das
967 2138 1208 2204 folgende
1246 2139 1427 2192 Cuius.

515 2209 565 2260 3.
660 2206 981 2269 formidines
1067 2205 1478 2273 Scbreckbilder‚

446 2275 550 2328 wie
585 2275 686 2328 den
724 2275 992 2339 CerberuS,
1035 2275 1278 2343 Cocytus,
1312 2274 1478 2329 Ache·

450 2359 570 2405 τους
608 2360 649 2396 s.
687 2344 821 2396 oben
859 2348 906 2408 5,
948 2347 1026 2397 10.

517 2415 566 2465 6.
610 2412 782 2476 Quam
825 2428 1011 2463 eorum
1037 2414 1359 2478 opinionem.
1400 2411 1477 2462 Zu

446 2480 537 2532 der
572 2478 949 2546 Wortstellung
991 2480 1098 2546 vgl.
1143 2480 1207 2531 de
1255 2479 1345 2532 fin.
1390 2479 1474 2532 IV.

449 2551 543 2613 28,
570 2551 660 2602 79:
700 2549 872 2613 Quam
905 2549 1126 2599 illorum
1163 2550 1474 2609 tristitiam;

448 2615 602 2668 Tusc.
638 2616 674 2669 1.
698 2619 782 2679 43,
812 2619 936 2670 102:
977 2616 1143 2668 Cuius
1176 2619 1279 2667 hoe
1312 2617 1475 2669 dieto.

519 2687 564 2735 7.
595 2688 870 2734 consecuti
906 2691 1037 2735 sunt
1054 2683 1359 2736 bezeichnet
1374 2684 1475 2736 den

449 2752 659 2802 inneren
706 2751 987 2816 (causalen)
1031 2751 1477 2819 Zusammenhang

448 2818 538 2869 der
591 2820 778 2883 opinio
825 2818 928 2869 und
977 2818 1066 2870 der
1102 2836 1335 2881 mor-en
1384 2820 1479 2873 das

450 2885 678 2952 Simplex
695 2890 849 2951 sequi
865 2885 1042 2937 wiirde
1061 2902 1156 2938 nur
1174 2886 1257 2938 die
1276 2886 1477 2940 {iussere

446 2953 687 3006 zeitliche
733 2953 893 3019 Folge
952 2953 1290 3006 ausdrucken.
1361 2956 1479 3023 Vgl.

450 3024 535 3085 32,
571 3024 635 3074 78
672 3036 1021 3087 consequens;
1056 3020 1135 3075 111.
1175 3026 1256 3085 29,
1292 3025 1374 3078 73.

516 3092 565 3141 9.
602 3104 818 3141 carmen
876 3106 976 3141 von
1032 3090 1174 3143 einer
1208 3091 1478 3144 einzelnen

450 3157 614 3210 Stelle
669 3158 812 3210 eines
861 3157 1121 3222 grosseren
1172 3160 1477 3226 poecischen

451 3225 666 3278 Werkes
702 3227 835 3278 auch
870 3225 947 3277 111.
985 3228 1077 3291 25,
1115 3231 1205 3281 59:
1253 3228 1476 3295 Euripi·

450 3296 607 3346 deum
640 3295 783 3346 illud
816 3309 1047 3346 carmen.

524 3366 603 3416 10.
655 3363 862 3414 Adsum
915 3369 1043 3428 eet.‚
1101 3362 1262 3419 katal.
1311 3366 1475 3421 trocb.

1582 2069 1791 2137 λιπών,
1848 2066 1919 2126 ἶν’
1958 2067 2140 2140 Ἅιδης
2172 2081 2343 2194 χωρὶέ,
2370 2070 2615 2193 {octovas

2341 2165 2368 2194 ε
2418 2164 2468 2195 ν.

1652 2238 1987 2287 11.structas
2022 2236 2318 2301 autgebaut,
2354 2236 2403 2288 d.
2428 2237 2462 2289 i.
2501 2238 2615 2288 ein-

1583 2303 1940 2368 geschlossem
1978 2305 2165 2370 rigida
2202 2308 2410 2356 constat
2445 2305 2613 2357 unbe-

1582 2372 1801 2438 weglich
1840 2377 2007 2423 starrt.

1654 2476 1733 2527 18.
1761 2478 1973 2527 νέκυιαε
2011 2472 2155 2525 Hom.
2193 2472 2377 2540 Odyss.
2414 2471 2502 2524 lib.
2521 2471 2613 2526 XI.

1645 2567 1854 2634 Appius
1896 2567 1966 2619 ist
2004 2565 2429 2619 wahrscheinlich
2466 2568 2612 2633 App.

1579 2635 1837 2687 Claudius
1871 2635 2113 2700 Pulcher,
2162 2634 2250 2687 der
2287 2631 2478 2686 Bruder
2512 2634 2613 2687 des

1577 2719 1681 2755 von
1717 2702 1847 2754 Milo
1885 2704 2250 2771 erschlagenen
2286 2704 2342 2754 P.
2370 2702 2612 2767 Clodius,

1578 2770 1775 2823 Konsul
1801 2774 1870 2824 54
1892 2787 1943 2824 V.
1964 2772 2097 2836 Chr„
2150 2771 2353 2823 Ciceros
2388 2769 2611 2836 Kollege

1578 2840 1648 2891 im
1675 2840 1920 2905 Augurem
1957 2855 2023 2891 an
2061 2839 2292 2892 welchen
2330 2840 2502 2904 epistt.
2540 2839 2613 2890 ad

1583 2907 1703 2960 sam.
1739 2908 1829 2960 lib.
1864 2907 1943 2960 111.
1981 2907 2244 2974 gericbtet'
2264 2908 2349 2958 ist.

1649 3014 2049 3058 νεκυομαντετα
2106 3001 2251 3066 (oder
2301 3018 2500 3069 νεκρομ
2508 3018 2608 3050 αν-

1583 3072 1746 3135 τετα);
1801 3069 2473 3134 Geisterbescbworungen‚
2533 3070 2615 3119 ei-

1577 3205 1762 3265 faeere
1805 3207 2172 3258 veranstalten.
2241 3205 2360 3271 Vgl.
2398 3204 2461 3255 de
2496 3202 2612 3255 div.

1578 3273 1616 3326 1.
1628 3276 1709 3338 58,
1725 3276 1849 3327 132:
1870 3276 2282 3340 psychomantia
2301 3275 2608 3340 (ψυχομαν-

1582 3346 1745 3407 reta),
1775 3345 1967 3407 quibus
1997 3344 2209 3408 Appius
2242 3345 2446 3393 amicus
2481 3345 2613 3392 tuus

448 3430 768 3483 Tetrameter
803 3447 895 3483 aus
932 3432 1072 3483 einer
1107 3432 1475 3485 unbekannten

448 3496 728 3563 Tragodie‚
818 3499 1244 3552 wahrscheinlich
1336 3501 1477 3553 einer

449 3565 809 3632 Nacbbildung
873 3583 978 3620 von
1038 3567 1320 3634 Euripides'
1377 3568 1475 3621 He-

449 3633 604 3697 kuba,
641 3634 692 3684 in
732 3635 953 3687 welcber
989 3635 1078 3688 der
1103 3635 1348 3689 Schatten
1384 3638 1476 3691 des

452 3700 741 3770 Polydorus
776 3717 827 3756 v,
858 3706 881 3756 1
923 3720 973 3756 u.
1011 3707 1040 3756 2
1077 3710 1215 3772 sagt:

439 3762 604 3836 Ἥκω,
639 3778 853 3840 νεκρῶν
887 3772 1193 3840 κευθμῶνα
1227 3778 1317 3826 καὶ
1355 3778 1475 3827 σκό-

1038 3860 1136 3894 του
1171 3839 1342 3895 πύλας

1578 3413 1667 3461 uti
1699 3411 1915 3462 solebat.

1653 3507 1733 3557 19.
1763 3505 1968 3555 Averni
2002 3507 2178 3570 lacus,
2208 3504 2262 3555 in
2294 3502 2611 3568 campanieu

1578 3571 1663 3623 bei
1688 3571 1877 3623 Cumae
1902 3573 2005 3624 und
2034 3572 2255 3634 Puteoli,
2282 3587 2365 3623 wo
2391 3571 2491 3621 Cic.
2518 3570 2610 3622 ein

1577 3638 1814 3706 Landgut
1851 3641 2035 3706 besass,
2073 3640 2206 3704 noch
2236 3641 2372 3705 jetzt
2396 3639 2521 3703 lego
2546 3639 2612 3688 di

1579 3710 1791 3760 Averno
1810 3714 2052 3775 genennt.
2088 3709 2204 3761 Man
2217 3707 2447 3773 verlegte
2466 3705 2611 3758 dort-

1581 3777 1667 3828 hin
1696 3779 1842 3840 einen
1864 3778 2096 3843 Eingang
2120 3778 2173 3827 in
2197 3776 2279 3828 die
2299 3772 2608 3827 Unterwelt.

1581 3845 1698 3913 Vgl.
1736 3844 1888 3912 Verg.
1926 3846 2053 3898 Aen.
2091 3844 2172 3909 Vl,
2210 3846 2328 3908 237,

2671 1122 2754 1171 10

2672 1548 2754 1597 15

1581 3138 1805 3203 gentlich
1825 3137 2236 3203 Weissagungen
2273 3136 2362 3188 der
2398 3135 2612 3201 Toten),
2707 3186 2714 3191 .
