2834 4317
443 148 522 215 26
1195 157 1384 211 uene
1418 156 1495 211 ιιι.
1536 158 1825 224 17‚36.37.

611 331 789 393 Iubes
818 350 912 392 me
938 330 1097 393 bona
1122 331 1400 410 cogitare,
1435 330 1698 392 oblivisci
1722 330 2030 392 malorum.
2075 330 2316 393 Diceres
2344 332 2590 411 aliquid,

336 464 406 518 17
443 424 501 478 et
543 435 761 496 magno
793 417 1029 496 quidem
1074 416 1428 496 philosopho
1458 416 1704 495 dignum
1723 463 1739 490 ,
1786 416 1835 478 si
1866 434 1933 477 ea
1964 416 2121 476 bona
2154 434 2283 478 esse
2314 418 2592 490 sentires,

331 1701 388 1750 3⁷

334 545 398 595 36
439 520 586 581 quae
619 511 820 564 essent
847 501 1088 562 homine
1118 501 1478 581 dignissima.
1547 501 1906 581 Pythagoras
1938 501 2093 562 „mihi
2137 503 2186 563 si
2223 500 2445 563 diceret
2488 512 2593 563 aut

441 588 714 648 Socrates
758 594 859 648 aut
902 586 1098 647 Plato:
1138 579 1332 659 ‘Quid
1378 587 1535 648 iaces
1568 595 1671 646 aut
1713 586 1853 665 quid
1896 604 2128 647 maeres
2171 596 2273 647 aut
2315 605 2422 649 cur
2449 606 2590 649 suc-

440 671 672 734 cumbis
700 673 979 750 cedisque
1003 669 1323 733 fortunae?
1355 691 1506 751 quae
1527 670 1852 751 pervellere
1874 679 1935 732 te
1964 671 2210 733 forsitan
2237 672 2499 751 potuerit
2528 680 2588 734 et

439 774 730 836 pungere,
762 775 885 817 non
918 756 1113 836 potuit
1141 765 1304 818 certe
1335 757 1474 818 viris
1496 757 1790 836 frangere.
1850 755 2061 835 Magna
2091 756 2176 818 vis
2196 765 2287 818 est
2308 757 2368 817 in
2400 757 2591 818 virtu-

437 841 631 914 tihus3
662 859 760 903 eas
789 842 993 914 excita,
1025 841 1073 903 si
1099 842 1251 903 forte
1275 841 1601 903 dormiunt.
1652 840 1773 901 Iam
1804 840 1911 901 tihi
1942 841 2129 901 aderit
2150 842 2433 922 princeps
2463 844 2589 903 for-

436 926 657 998 titudo,
700 944 851 1005 quae
879 935 938 986 te
969 926 1166 987 animo
1195 934 1363 988 tanto
1393 945 1524 988 esse
1554 935 1758 1006 coget,
1801 934 1869 986 ut
1899 926 2127 998 omnia,
2176 945 2327 1006 quae
2357 927 2591 1007 'possint

439 1011 666 1071 homini
711 1011 978 1083 evenire,
1022 1020 1370 1073 contemnas
1411 1016 1471 1072 et
1511 1030 1621 1091 pro
1665 1011 1850 1072 nihilo
1887 1020 2089 1090 putes3
2129 1011 2318 1072 aderit
2358 1021 2589 1092 tempe-

439 1097 655 1170 rantia,
701 1114 850 1174 quae
880 1105 970 1158 est
998 1097 1199 1158 eadem
1233 1097 1558 1157 moderatio
1577 1143 1592 1170 ‚
1629 1116 1662 1157 a
1705 1115 1798 1157 me
1829 1095 2066 1174 quidem
2095 1097 2273 1176 paulo
2313 1106 2453 1158 ante
2483 1115 2591 1176 ap-

439 1181 647 1261 pellata
673 1181 992 1261 frugalitas,
1016 1200 1168 1260 quae
1192 1190 1250 1243 te
1270 1183 1529 1261 turpiter
1550 1191 1610 1242 et
1634 1181 1908 1260 nequiter
1928 1182 2124 1242 facere
2143 1182 2291 1243 nihil
2311 1183 2588 1262 patietur.

438 1266 592 1337 Quid
624 1274 713 1327 est
741 1276 937 1328 autem
968 1267 1224 1346 nequius
1252 1276 1353 1328 aut
1379 1267 1616 1347 turpius
1656 1266 1994 1327 effeminato
2028 1264 2197 1327 viro?
2255 1267 2341 1327 Ne
2370 1267 2591 1329 iustitia

439 1352 675 1430 quidem
720 1352 879 1413 sinet
921 1361 979 1412 te
1022 1352 1131 1412 ista
1176 1354 1403 1425 facere,
1450 1352 1546 1413 cui
1592 1350 1903 1412 minimum
1938 1369 2066 1412 esse
2110 1351 2340 1412 videtur
2382 1351 2442 1413 in
2475 1353 2588 1413 hac

439 1454 610 1498 causa
643 1437 775 1510 loci,
808 1455 958 1515 quae
987 1447 1187 1497 tamen
1217 1438 1296 1498 ita
1327 1437 1483 1498 dicet
1512 1436 1825 1517 dupliciter
1860 1455 1990 1496 esse
2019 1446 2079 1497 te
2110 1435 2414 1511 iniustum,
2447 1456 2586 1498 cum

437 1530 496 1583 et
525 1522 782 1583 alienum
814 1531 1071 1600 appetas,
1105 1522 1206 1601 qui
1237 1521 1503 1583 mortalis
1534 1530 1707 1583 natus
1736 1521 2149 1581 condicionem
2180 1522 2445 1600 postules
2476 1522 2590 1583 im-

435 1607 805 1678 mortalium,
845 1613 903 1666 et
933 1607 1187 1685 graviter
1216 1608 1368 1668 feras
1397 1615 1491 1681 te,
1524 1607 1681 1686 quod
1712 1606 1999 1666 utendum
2036 1607 2356 1685 acceperis,
2389 1608 2585 1669 reddi·

436 1692 608 1752 disse.
669 1691 1025 1753 Prudentiae
1064 1710 1205 1752 vero
1236 1692 1376 1770 quid
1426 1690 1817 1771 respondebis
1860 1692 2099 1752 docenti
2138 1692 2412 1752 virtutem
2456 1712 2589 1755 sese

438 1795 567 1837 esse
592 1783 955 1848 contentam,
987 1794 1106 1854 quo
1130 1777 1306 1837 modo
1332 1777 1403 1837 ad
1428 1776 1582 1838 bene
1607 1776 1935 1850 vivendum,
1968 1776 2053 1837 sic
2078 1777 2250 1837 etiam
2273 1776 2345 1837 ad
2367 1777 2538 1839 beate
2554 1775 2586 1837 ’.Ρ

435 1860 600 1931 Quae
630 1860 679 1921 si
721 1860 1090 1923 extrinsecus
1131 1861 1373 1941 religata
1413 1861 1671 1941 pendeat
1710 1869 1769 1921 et
1811 1880 1934 1921 non
1977 1869 2035 1921 et
2074 1861 2299 1922 oriatur
2341 1881 2374 1922 a
2416 1881 2483 1924 se
2526 1872 2588 1924 et

432 1963 642 2006 rursus
669 1944 738 2005 ad
771 1964 835 2006 se
865 1954 1197 2007 revertatur
1227 1955 1286 2007 et
1315 1947 1512 2007 omnia
1542 1964 1650 2007 sua
1692 1945 1995 2033 complexa
2027 1945 2173 2006 nibil
2206 1956 2448 2025 quaerat
2477 1948 2586 2008 ali-

432 2031 624 2103 unde,
659 2049 778 2091 non
819 2030 1099 2110 intellego
1132 2050 1239 2092 cur
1269 2039 1369 2092 aut
1399 2030 1594 2092 verbis
1621 2040 1741 2091 tam
1772 2031 2156 2091 vehementer
2184 2034 2452 2093 ornanda
2483 2042 2586 2093 aut

431 2133 497 2175 re
528 2123 693 2176 tanto
726 2133 906 2195 opere
936 2116 1267 2196 expetenda
1289 2106 1587 2177 videatur.²
1641 2116 1727 2176 Ad
1752 2115 1897 2175 haec
1926 2115 2082 2176 bona
2113 2133 2209 2177 me
2241 2117 2290 2178 si
2321 2136 2584 2192 revocas,

432 2198 718 2279 Epicure,
749 2218 961 2280 pareo,
992 2220 1232 2280 sequor,
1268 2210 1405 2262 utor
1435 2210 1495 2262 te
1525 2201 1654 2282 ipso
1686 2199 1868 2274 duce,
1902 2199 2216 2262 obliviscor
2247 2202 2421 2263 etiam
2453 2222 2583 2264 ma-

501 2319 545 2370 1.
583 2315 806 2382 aliquid,
842 2333 884 2368 s.
920 2333 984 2369 zu
1017 2317 1053 2370 1.
1090 2319 1174 2383 20,
1201 2321 1282 2371 45.
1353 2326 1359 2331 '

497 2386 545 2436 3.
582 2400 720 2451 quae
754 2390 937 2449 essent,
971 2385 1077 2451 vgl.
1103 2385 1139 2437 1.
1167 2389 1216 2451 5,
1238 2388 1296 2439 9:
1336 2388 1452 2451 qui-

427 2454 525 2502 bus
558 2452 892 2504 moriendum
925 2458 1076 2506 esset.

496 2522 968 2587 Pythagoras—si
986 2522 1203 2575 diceret.
1256 2520 1328 2572 Da
1352 2520 1452 2572 alle

430 2587 836 2654 nacbl'olgenden
857 2589 1008 2642 Satze
1030 2588 1121 2642 das
1142 2588 1332 2655 objekt
1347 2603 1453 2641 von

428 2660 478 2705 si
499 2655 701 2706 diceret
727 2655 920 2720 bilden,
946 2673 1005 2709 so
1029 2657 1193 2709 reicht
1217 2657 1306 2721 der
1327 2655 1454 2707 Vor-

429 2723 627 2775 dersatz
661 2724 739 2775 bis
765 2724 797 2789 ξ
820 2728 882 2778 37
896 2742 914 2776 z*
946 2726 1238 2790 expetenda
1273 2724 1453 2776 videa-

429 2796 547 2851 tur-3
585 2805 686 2841 nun
724 2791 876 2843 sollte
912 2792 1001 2844 der
1025 2792 1279 2845 Nachsatz
1316 2792 1449 2844 sein:

425 2872 671 2923 parerem
708 2863 761 2908 et
790 2875 1062 2924 sequerer-3
1106 2864 1232 2911 statt
1266 2859 1453 2912 dessen

432 2923 590 2976 bildet
614 2924 807 2991 Cicero,
839 2926 937 2978 den
962 2925 1003 2977 E
1040 2926 1154 2979 iknr
1179 2927 1453 2990 anredend,

428 2995 534 3044 erst
584 2993 733 3043 einen
787 3008 955 3046 neuen
1001 2943 1334 3047 eordersatz:
1382 2996 1457 3046 ad

431 3061 558 3110 haec
592 3061 732 3110 bona
766 3076 851 3111 me
883 3064 933 3111 si
965 3076 1209 3126 revocas,
1251 3077 1314 3114 an
1353 3064 1453 3114 den

428 3127 538 3179 sich
577 3143 678 3179 nun
705 3127 796 3180 der
818 3128 1073 3181 Nachsatz
1109 3132 1293 3196 (pareo
1331 3134 1449 3197 cet.)

426 3195 741 3249 anschliesst.

498 3268 544 3318 5.
574 3267 830 3330 potuerit,
867 3264 956 3317 der
1000 3264 1319 3331 Konjunktiv
1345 3267 1446 3317 wie

429 3331 608 3384 immet
641 3332 693 3383 in
719 3331 1052 3399 Verbindnng
1076 3335 1169 3384 mit
1191 3332 1444 3395 forsitan.

426 3388 678 3466 Ubrigens
725 3401 794 3452 ist
836 3400 926 3453 der
960 3400 1226 3453 Gebrauch
1277 3400 1447 3454 dieses

427 3467 634 3586 Wlortes
677 3468 729 3519 in
767 3470 932 3523 einem
970 3468 1293 3521 Nebensatze
1329 3470 1448 3521 sehr

430 3551 484 3587 se
510 3541 609 3588 ten.

496 3607 543 3654 7.
573 3605 829 3669 princeps
862 3620 964 3656 von
1001 3604 1090 3656 der
1113 3602 1449 3670 Reihenl'olge

426 3675 634 3736 gesagt‚
685 3671 783 3723 wie
824 3671 1002 3724 immet
1046 3671 1121 3723 als
1159 3670 1453 3724 Priidikats·

427 3738 665 3797 attribut;
701 3738 805 3804 vgl.
833 3738 896 3791 de
922 3754 994 3791 or.
1027 3738 1084 3791 11.
1122 3742 1201 3802 13,
1228 3742 1317 3793 55:
1356 3742 1453 3806 qui
1486 3775 1490 3778 >

419 3808 676 3872 princeps
705 3821 879 3871 genus
914 3810 1014 3859 hoc
1047 3811 1277 3861 ornavit.
1343 3807 1452 3859 Nur

426 3873 519 3925 mit
557 3889 667 3923 esse
701 3874 999 3928 verbunden
1046 3875 1349 3929 bezeichnet
1395 3891 1454 3927 es

1554 2317 1703 2369 einen
1738 2314 1986 2382 Vol-tang.

1627 2387 1706 2438 10.
1753 2401 1786 2434 α
1824 2400 1908 2434 me
1949 2383 2176 2449 quidem.
2247 2385 2422 2438 Cicero
2466 2402 2586 2439 ver-

1554 2453 1704 2519 gil'st,
1748 2451 1858 2503 dass
1894 2467 1949 2503 er
1983 2451 2079 2503 den
2117 2450 2439 2521 Pythagoras
2481 2459 2584 2508 cet.

1555 2520 1802 2586 sprechen
1841 2519 1976 2571 laist.

1620 2587 1788 2655 paulo
1825 2592 1965 2650 ante,
2000 2587 2153 2638 nfiml.
2191 2590 2239 2653 8,
2278 2590 2357 2642 16.

1630 2658 1708 2709 16.
1736 2656 1882 2720 quod
1902 2656 2157 2706 utendum
2174 2659 2456 2722 acceperis,
2476 2657 2584 2709 wie

1555 2722 1689 2776 oben
1705 2726 1753 2785 7,
1771 2725 1848 2775 15:
1862 2739 2057 2773 munus
2065 2722 2416 2789 fungendum.
2451 2724 2489 2775 Z
2495 2741 2581 2777 um

1554 2791 1721 2843 lnhalt
1754 2790 1859 2856 vgl.
1894 2790 1930 2842 1.
1965 2792 2049 2853 39,
2087 2793 2169 2844 93.

1628 2861 1706 2913 18.
1726 2861 1879 2910 bene:
1903 2859 2106 2925 ricmis,
2125 2859 2584 2926 vernnnftgemfirs,

1554 2927 1660 2994 vgl.
1697 2926 1758 2979 V.
1795 2929 1843 2989 5,
1873 2929 1953 2980 12.

1624 2997 1786 3047 eciam
1829 2994 1932 3059 (od.
1970 3001 2197 3061 quoque)
2232 2994 2347 3047 darl'
2377 2995 2445 3046 im
2481 2995 2582 3048 De-

1558 3062 2005 3115 monstrativsatze
2032 3064 2172 3115 einer
2199 3062 2583 3131 Vergleichung

1554 3147 1649 3183 nur
1684 3132 1816 3182 dann
1854 3131 2023 3182 hinter
2045 3133 2124 3181 sic
2159 3130 2242 3182 od.
2267 3134 2347 3182 ita
2380 3132 2581 3193 stenen,

1556 3215 1706 3251 wenn
1754 3199 1906 3250 beide
1950 3198 2102 3251 Sfitze
2148 3198 2383 3251 dasselbe
2432 3199 2583 3264 Subj.

1552 3267 1721 3318 haben
1756 3267 1859 3318 und
1895 3266 2009 3319 eine
2046 3266 2353 3333 Steigerung
2387 3268 2581 3334 (sogar)

1550 3334 1855 3387 bezeichnet
1889 3335 2096 3387 werden
2134 3334 2250 3388 soll.

1622 3405 1700 3455 19.
1735 3406 1786 3451 si
1815 3432 1883 3440 —
1905 3403 2142 3468 pendeat
2165 3395 2345 3455 ‘wenn
2389 3403 2465 3454 sie
2513 3417 2582 3455 an

1549 3469 1899 3536 Aul'sendinge
1916 3469 2171 3537 geknfipst
2190 3469 2292 3524 und
2309 3485 2409 3523 von
2421 3470 2582 3523 ihnen

1551 3538 1809 3603 abbfingig
1845 3531 2022 3589 ware’.

1621 3609 1674 3655 et
1705 3621 1833 3670 non,
1867 3621 1907 3656 s.
1945 3620 2009 3654 zu
2042 3604 2078 3658 Ι.
2114 3609 2162 3668 7,
2191 3604 2269 3658 13.

1623 3675 1705 3727 21.
1729 3674 1903 3723 verbis
1928 3709 1940 3722 .
1965 3709 1979 3723 .
2004 3688 2089 3722 re:
2119 3672 2352 3724 derselbe
2376 3671 2579 3738 Gegen-

1554 3746 1692 3804 satz,
1729 3740 1828 3792 wie
1863 3741 1897 3791 l.
1937 3742 2030 3804 25,
2077 3742 2168 3792 62:
2218 3756 2326 3791 non
2360 3757 2448 3803 re,
2484 3742 2585 3792 sed

1555 3808 1813 3859 vocabulo
1850 3809 2107 3859 errantia.

1625 3877 1707 3929 23.
1758 3876 2023 3926 malorum
2050 3904 2118 3916 —-
2147 3878 2207 3926 in
2255 3874 2439 3938 malis,
2493 3874 2582 3926 ein

2631 685 2665 735 5

2636 1109 2699 1161 lo

2635 1533 2701 1584 15
