2834 4317
965 177 1153 231 LIBER
1186 178 1285 237 IV..
1307 181 1395 245 21,
1412 184 1496 233 47.
1518 183 1598 235 48.
2288 180 2365 240 81

0 394 3 429 ,
217 359 367 414 tates
410 350 829 426 sublevandas3
881 350 1076 430 ipsum
1127 351 1269 412 illud
1314 352 1625 426 aemulari,
1680 351 2015 413 obtrectare
2067 372 2190 415 non
2244 372 2373 416 esse

0 436 5 527 J
214 436 461 509 inutile,
506 443 643 496 cum
675 444 777 496 aut
818 454 883 497 se
927 455 1051 497 non
1098 436 1255 497 idem
1297 436 1487 499 videat
1516 446 1938 510 consecutum,
1982 439 2140 516 quod
2172 439 2372 512 alium,

221 531 322 583 aut
351 521 533 582 alium
562 521 736 594 idem,
782 522 940 600 quod
970 538 1069 595 se3
1115 530 1334 587 metum
1368 540 1508 583 vero
1539 523 1587 584 si
1620 523 1719 602 qui
1751 521 2101 598 sustulisset,
2134 542 2371 585 omnem

217 609 369 668 vitae
397 605 760 685 diligentiam
805 605 1097 668 sublatam
1141 607 1305 680 fore,
1350 626 1502 685 quae
1545 625 1774 670 summa
1819 617 1974 671 esset
2011 608 2074 669 in
2107 609 2223 684 eiS,
2268 609 2371 688 qui
2443 662 2448 667 .

137 705 173 756 5
218 693 411 771 legeS,
460 691 563 771 qui
592 692 1000 770 magistratus,
1047 691 1148 770 qui
1190 702 1633 772 paupertatem,
1679 693 1780 773 qui
1809 693 2226 772 ignominiam,
2270 694 2374 773 qui

218 786 502 850 mortem,
548 777 649 855 qui
693 776 957 838 dolorem
1001 776 1298 838 timerent.
1371 778 1533 840 Haec
1574 787 1772 839 tamen
1815 778 1896 838 ita
1939 776 2261 858 disputant,
2307 788 2374 840 ut

219 862 541 924 resecanda
586 880 715 923 esse
758 863 1084 936 fateantur,
1137 863 1306 923 evelli
1350 864 1591 942 penitus
1635 864 1836 927 dicant
1885 882 1997 924 nec
2040 882 2216 942 posse
2261 882 2375 924 neo

222 965 373 1026 opus
404 964 564 1021 esse,
610 955 671 1008 et
713 947 775 1008 in
810 946 1086 1009 omnihus
1128 948 1250 1009 fere
1291 947 1473 1011 rebus
1518 948 1982 1010 mediocritatem
2026 967 2154 1010 esse
2179 951 2373 1027 ‘optu-

220 1050 377 1093 mam
417 1032 769 1093 existiment.
831 1031 994 1103 Quae
1037 1050 1173 1093 cum
1204 1043 1541 1113 exponunt,
1585 1033 1810 1095 nihilne
1841 1032 1950 1094 tibi
1991 1034 2268 1101 videntur
2296 1053 2371 1094 an

104 1129 179 1181 10
221 1117 440 1196 aliquid
492 1114 733 1193 dicere?
805 1118 869 1178 Α.
913 1117 1055 1179 Mihi
1099 1118 1476 1197 verodicere
1530 1118 1779 1199 aliquid,
1831 1118 2031 1197 itaque
2073 1127 2371 1199 exspecto,

306 1203 363 1263 id
390 1202 461 1262 ad
492 1202 619 1264 ista.

223 1221 300 1281 qu
391 1287 475 1348 M.
508 1287 822 1366 Reperiam
852 1276 1121 1361 fortasse,
1150 1288 1255 1348 sed
1276 1287 1420 1348 illud
1448 1297 1615 1349 ante:
1647 1286 1901 1349 Videsne
1925 1288 2161 1366 quanda
2187 1288 2367 1350 fuerit
2405 1266 2477 1320 ²1

123 1433 127 1437 ,
218 1373 374 1452 apud
403 1372 782 1434 Academicos
810 1369 1210 1433 verecundia?
1268 1372 1451 1434 Plane
1482 1373 1641 1434 enim
1685 1372 1893 1435 dicunt
1939 1371 2099 1452 quod
2129 1373 2199 1434 ad
2244 1391 2371 1434 rem

222 1458 534 1537 pertineat.
595 1456 1001 1537 Peripateticis
1044 1459 1441 1536 respondetur
1483 1477 1517 1519 a
1548 1457 1780 1519 StoiciS.
1840 1458 2249 1536 Digladientur
2290 1458 2372 1519 illi

104 1554 180 1606 15
221 1562 331 1624 per
360 1561 455 1603 me
496 1542 652 1616 licet,
701 1544 798 1604 cui
831 1542 978 1603 nihil
1021 1552 1111 1604 est
1141 1561 1385 1605 necesse
1417 1543 1532 1605 nisi
1565 1543 1665 1604 ubi
1709 1543 1784 1604 sit
1822 1543 2002 1617 illud,
2049 1543 2207 1622 quod
2248 1544 2373 1605 veri

223 1627 579 1689 simillimum
612 1628 911 1701 videatur,
958 1628 1294 1707 anquirere.
1356 1627 1512 1699 Quid
1544 1637 1635 1691 est
1661 1628 1873 1706 igitur,
1906 1628 2063 1708 quod
2098 1638 2375 1690 occurrat

223 1714 284 1774 in
323 1714 433 1774 hac
464 1714 842 1792 quaestione,
888 1732 920 1774 e
953 1731 1070 1792 quo
1102 1713 1291 1792 possit
1320 1713 1529 1793 attingi
1560 1714 1779 1792 aliquid
1808 1713 1931 1774 veri
1960 1711 2195 1775 simile?
2254 1733 2372 1794 quo

223 1797 459 1876 longius
501 1816 670 1860 mens
709 1799 965 1859 humana
1017 1799 1296 1878 progredi
1350 1818 1475 1860 non
1519 1807 1733 1878 potest.
1805 1799 2103 1860 Definitio
2134 1808 2373 1878 pertur-

222 1883 510 1957 bationiS,
552 1902 669 1962 qua
710 1892 870 1945 recte
912 1883 1214 1946 Zenonem
1257 1902 1431 1946 usum
1462 1894 1627 1963 puto.
1699 1884 1786 1944 lta
1830 1884 1990 1944 enim
2030 1884 2266 1959 definit,
2308 1893 2375 1945 ut

102 1981 178 2032 2ο
216 1969 578 2050 perturbatio
620 1973 695 2030 sit
723 1987 928 2031 aversa
958 1988 993 2029 a
1032 1974 1261 2031 ratione
1291 1980 1495 2031 contra
1533 1979 1813 2031 naturam
1842 1972 2030 2031 animi
2055 1974 2373 2044 commotio,

224 2054 314 2115 vel
343 2052 605 2127 brevius,
638 2062 703 2114 ut
725 2054 1084 2134 perturbatio
1115 2059 1190 2116 sit
1217 2058 1502 2135 appetitus
1530 2055 1936 2126 vehementior,
1968 2056 2375 2116 vehementior

225 2147 422 2200 autem
452 2138 831 2218 intellegatur
850 2139 920 2214 is,
954 2139 1054 2218 qui
1082 2140 1293 2220 procul
1317 2140 1520 2201 absita
1547 2148 1794 2201 naturae
1816 2140 2164 2200 constantia.
2219 2139 2373 2211 Quid
2418 2140 2476 2191 48

226 2225 300 2285 ad
322 2224 427 2285 has
446 2223 823 2305 definitiones
844 2225 1079 2305 possint
1097 2223 1337 2286 dicere?
1375 2226 1569 2302 Atque
1591 2225 1737 2285 haec
1757 2224 2038 2304 pleraque
2061 2232 2205 2285 sunt
2229 2242 2374 2304 pru-

227 2359 327 2478 illat
342 2357 559 2408 vincula
580 2358 734 2410 collo.
766 2357 882 2424 Vgl.
902 2359 1033 2410 auch
1052 2359 1250 2423 dignus

273 2465 284 2478 .
323 2430 370 2489 5,
410 2427 489 2478 14.

232 2559 239 2565 .
274 2496 278 2507 '
301 2496 348 2546 2.
374 2509 494 2544 eum
515 2522 585 2532 —
608 2495 803 2559 videat,
827 2510 868 2546 s.
889 2496 937 2557 8,
962 2497 1022 2548 17
1046 2510 1109 2545 zu
1129 2510 1251 2545 con·

234 2564 485 2626 cupierit.

302 2631 350 2681 6.
371 2630 514 2681 Haec
531 2629 710 2696 gehort
728 2645 792 2682 zu
816 2631 1108 2682 resecanda
1128 2648 1250 2683 esse.

303 2700 351 2750 8.
405 2713 563 2762 opus:
609 2698 833 2750 niitzlich
849 2737 863 2761 ,
917 2698 1017 2750 wie
1064 2698 1128 2751 de
1177 2715 1250 2752 or.

231 2765 288 2817 11.
318 2769 397 2830 10,
416 2768 510 2826 43;
537 2769 620 2830 80,
647 2767 748 2819 326
782 2765 887 2818 und
921 2767 1016 2818 mit
1038 2766 1128 2818 der
1150 2766 1252 2819 Ne-

232 2835 411 2899 gation
445 2833 747 2899 (schfidlich)
782 2835 896 2886 ebd.
917 2838 945 2885 7
952 2837 1000 2897 3,
1020 2836 1134 2888 296.

1354 2357 1642 2422 Gegensatz
1665 2372 1729 2408 zu
1752 2355 1842 2409 der
1864 2355 2374 2415 leidenschaftlichen

1352 2424 1590 2477 Polemik
1608 2424 1866 2477 zwischen
1886 2424 1984 2476 den
2004 2423 2246 2476 Stoikern
2268 2424 2375 2477 und

1353 2492 1779 2560 Peripatetikern.

1424 2563 1589 2613 Plane
1615 2553 1860 2625 ‘einfach,
1896 2550 2279 2625 schlechtweg'.

1425 2633 1504 2682 15.
1542 2631 1649 2695 cui,
1684 2629 1761 2681 als
1792 2628 2070 2694 Anhanger
2092 2627 2183 2680 der
2206 2643 2372 2681 neuen

1352 2697 1654 2750 Akademie.
1708 2695 1823 2763 Vgl.
1847 2696 1921 2748 111.
1950 2697 2031 2761 21,
2052 2698 2116 2750 50
2137 2695 2191 2751 ff.

1428 2769 1508 2819 16.
1545 2767 1846 2832 anquirere,
1881 2765 1986 2831 vgl.
2011 2780 2075 2817 zu
2098 2764 2155 2820 11.
2178 2769 2258 2828 10,
2293 2767 2376 2819 25.

1427 2838 1507 2887 17.
1542 2851 1570 2885 e
1596 2826 1845 2900 quo‘von
1871 2848 1956 2884 wo
1992 2824 2103 2885 aus'
2125 2856 2194 2881 =
2219 2850 2247 2884 e
2270 2850 2375 2900 quo

291 2905 340 2954 9.
360 2903 517 2966 nihil,
540 2903 752 2968 aliquid
767 2904 962 2965 dicere,
983 2904 1252 2970 pragnant,
1347 2902 1615 2969 profectis
1627 2905 1843 2968 possita
1857 2903 2011 2952 nobis
2027 2904 2235 2968 attingi
2252 2908 2375 2964 cet.;

231 2971 335 3021 wie
379 2971 449 3022 im
499 2969 696 3023 Griech.
746 2964 908 3022 οὐδὲν
952 2967 1127 3041 λέγειν
1176 2988 1251 3025 τι.
1354 2987 1463 3038 quo
1499 2971 1715 3036 longius
1748 2993 1816 3013 ===
1848 2970 1995 3021 ultra
2030 2971 2189 3035 quod.

227 3036 438 3104 Ebenso
452 3039 559 3090 Cat.
571 3037 639 3091 M.
654 3042 703 3103 6,
723 3042 811 3092 17:
830 3037 1254 3099 nihiladl'erunt.
1428 3041 1508 3092 19.
1530 3042 1610 3090 ita
1634 3037 1842 3104 definit,
1863 3041 1930 3089 ut
1948 3067 2016 3076 —
2039 3040 2128 3101 sit,
2153 3038 2260 3091 fiir:
2297 3042 2377 3090 ita

227 3106 453 3158 Ahnlich
509 3106 644 3159 oben
689 3107 726 3159 Ι.
772 3109 859 3172 -20,
902 3110 993 3160 45¹:
1046 3107 1257 3174 aliquid
1357 3106 1574 3172 definit,
1621 3111 1687 3157 ut
1728 3108 1877 3158 dicat
1916 3106 2011 3158 mit
2043 3105 2166 3160 Acc.
2203 3121 2248 3160 c.
2283 3107 2376 3158 lnf.

231 3174 471 3241 adsequi.
1365 3173 1478 3241 vgl.
1499 3172 1559 3227 V.
1580 3177 1662 3237 41,
1684 3176 1809 3229 119:
1834 3189 2065 3239 quorum
2087 3191 2150 3225 ea
2174 3180 2378 3226 seuwu-

309 3245 387 3295 11.
423 3243 497 3294 ad
529 3271 598 3281 —
620 3245 727 3294 ista
757 3243 848 3306 (sc.
875 3242 1119 3294 dicturus
1139 3245 1255 3308 sis);
1360 3245 1441 3293 tia
1469 3247 1562 3308 est,
1595 3247 1661 3293 ut
1690 3244 1868 3294 virtue
1881 3258 1984 3308 per
2017 3258 2074 3292 se
2094 3245 2214 3307 ipsa
2238 3245 2382 3294 nihil

229 3309 388 3375 (doch
428 3310 544 3363 sind
579 3311 756 3363 solche
779 3310 1168 3376 Auslassungen
1204 3312 1275 3363 in·
1359 3311 1564 3372 valea&
1601 3310 1664 3363 de
1699 3310 1801 3377 leg.
1835 3310 1911 3362 111.
1952 3312 2032 3374 15,
2069 3311 2160 3363 33:
2184 3326 2282 3375 ego
2318 3313 2380 3362 in

232 3378 594 3431 Nebensatzen
630 3379 852 3431 seltener
887 3379 965 3431 als
990 3380 1042 3430 in
1068 3378 1259 3446 Haupt-

233 3448 455 3511 sfitzen),
490 3462 532 3500 s.
558 3446 595 3499 1.
620 3450 669 3512 4,
696 3450 724 3499 7
751 3463 814 3499 zu
838 3448 913 3498 ad
934 3447 997 3498 id
1019 3448 1260 3514 disputa-

1359 3382 1467 3430 ista
1501 3394 1618 3430 sum
1640 3382 1901 3430 sententia
1927 3405 1995 3415 -
2017 3379 2157 3429 nihil
2177 3382 2242 3429 ut
2262 3374 2381 3438 sue-

1361 3451 1443 3499 rit
1476 3450 1534 3498 in
1555 3449 1842 3514 suffragiis
1862 3462 1991 3498 voce
2017 3446 2223 3499 melius.
2259 3445 2379 3513 Vgl.

233 3518 375 3567 bam.
415 3515 621 3567 Ebenso
657 3517 689 3580 ξ
725 3517 818 3568 48:
870 3516 1004 3581 quid
1045 3517 1120 3567 ad
1164 3517 1261 3567 Ιιαε

230 3583 578 3645 definitiones
610 3587 818 3649 possint
852 3584 1063 3635 dicere?

306 3653 389 3704 12.
415 3653 527 3706 Δ3ιηί
566 3651 707 3702 illud
753 3656 878 3703 ante
905 3644 1064 3705 ‘doch
1106 3653 1256 3705 einen

231 3718 411 3772 Punkt
451 3719 586 3772 noch
621 3716 846 3772 voi-her?

304 3789 386 3840 13.
411 3788 734 3840 verecundia
755 3783 1070 3841 ‘schonende
1091 3788 1259 3841 Rfick-

230 3847 398 3909 sicht’
442 3856 554 3921 (der
604 3870 770 3918 neuen
811 3855 1136 3924 Akademie),
1186 3858 1257 3909 im

339 3938 496 3983 Cicero
525 3939 707 3984 Tuscul.
736 3939 793 4005 11,
843 3942 882 3984 8.
911 3941 1022 3986 Αιια.

1362 3531 1426 3567 zu
1460 3515 1537 3569 111.
1573 3518 1622 3581 3,
1659 3518 1713 3568 5:
1741 3516 1975 3581 probari
2005 3519 2086 3566 ut.
2136 3513 2263 3567 Zum
2296 3514 2379 3569 ln·

1358 3584 1471 3637 halt
1501 3585 1607 3650 vgl.
1644 3584 1779 3637 oben
1815 3585 1863 3645 6,
1887 3585 1968 3637 11.

1429 3654 1723 3718 23.po.m·nt
1735 3653 1928 3713 dicere,
1940 3652 2378 3715 sc.Peripatetz’ci.

1412 3722 1593 3786 Atque
1619 3722 1748 3772 haec
1758 3719 2019 3785 pleraque
2035 3741 2103 3762 ===
2121 3719 2383 3773 disseren-

1359 3791 1520 3841 tium:
1561 3780 1790 3854 ‘Zeugen
1836 3786 1971 3839 doch
2022 3785 2163 3840 diese
2212 3787 2379 3857 Siitze,

1358 3856 1431 3909 im
1455 3871 1651 3922 ganzen
1677 3869 2000 3923 genommen,
2024 3870 2128 3909 von
2152 3859 2382 3912 vei-stan·

1944 3942 1975 3992 6
