2834 4317
431 150 550 207 112

1187 148 1377 214 menn
1409 147 1469 202 ιι
1506 152 1556 215 a,
1593 152 1643 201 τ.
1681 150 1731 202 s.
1768 150 1817 201 9.

425 341 621 402 neque
643 322 944 403 eleganter
976 340 1171 401 neque
1203 331 1412 383 ornate
1436 321 1717 397 scribere,
1750 319 2066 382 lectionem
2091 322 2221 383 sine
2242 322 2363 384 ulla
2385 321 2586 386 delec-

425 410 647 470 tatione
679 408 949 488 neglego.
977 415 985 422 ‘
1011 407 1167 479 Quid
1198 407 1358 468 enim
1388 407 1591 469 dicant
1620 414 1680 468 et
1719 405 1861 486 quid
1892 407 2157 469 sentiant
2188 407 2261 483 ii,
2310 409 2412 488 qui
2442 419 2588 471 sunt

425 493 498 555 ab
531 512 600 554 ea
643 492 982 573 disciplina,
1031 511 1205 554 nemo
1254 512 1330 555 ne
1374 492 1754 554 mediocriter
1797 491 2038 572 quidem
2069 493 2280 557 doctus
2326 495 2583 574 ignorat.

428 578 617 650 Quam
650 577 726 639 ob
773 596 935 651 rem,
979 579 1264 657 quoniam
1295 597 1475 658 quem
1505 576 1575 639 ad
1609 577 1850 639 modum
1880 577 2083 638 dicant
2110 577 2224 658 ipsi
2255 598 2377 641 non
2414 580 2585 642 labo-

426 673 594 737 rant,
626 682 737 725 cur
764 662 1001 742 legendi
1033 664 1171 738 sint,
1205 664 1318 726 nisi
1350 663 1463 745 ipsi
1495 664 1654 725 inter
1683 682 1766 736 se,
1798 662 1901 742 qui
1931 663 2088 724 idem
2116 665 2408 738 sentiunt,
2452 684 2578 728 non
2633 681 2670 730 5

427 749 728 829 intellego.
790 749 955 823 Nam,
991 758 1056 810 ut
1084 748 1391 811 Platonem
1424 749 1806 829 reliquosque
1840 748 2176 811 Socraticos
2206 757 2265 810 et
2296 750 2582 831 deinceps

428 853 565 910 eos,
612 834 715 913 qui
748 833 819 895 ab
851 833 944 895 his
973 834 1230 913 profecti
1260 842 1433 909 sunt,
1478 835 1690 914 legunt
1718 851 1925 895 omnes
1944 880 1960 908 ,
2009 834 2183 895 etiam
2214 835 2317 913 qui
2348 835 2455 900 illa
2483 844 2588 897 aut

428 939 552 980 non
597 918 934 999 approbant
973 928 1075 980 aut
1119 938 1243 981 non
1286 918 1716 981 studiosissime
1760 926 2212 994 consectantur,
2254 919 2584 1000 Epicurum

427 1013 624 1066 autem
656 1013 716 1064 et
743 1002 1149 1065 Metrodorum
1186 1023 1309 1065 non
1341 1006 1467 1065 fere
1497 1011 1735 1085 praeter
1762 1023 1903 1066 suos
1933 1003 2247 1083 quisquam
2277 1005 2339 1066 in
2372 1025 2586 1068 manus

427 1089 625 1165 sumit,
672 1088 756 1151 sic
798 1090 910 1151 hos
941 1089 1186 1152 Latinos
1229 1089 1270 1150 ii
1314 1088 1426 1151 soli
1462 1090 1690 1169 legunt,
1738 1089 1840 1169 qui
1885 1088 1984 1150 illa
2014 1099 2176 1151 recte
2205 1090 2319 1152 dici
2348 1099 2585 1171 putant.
2635 1107 2708 1157 10

426 1174 611 1237 Nobis
640 1182 838 1236 autem
867 1175 1116 1251 videtur,
1148 1175 1430 1255 quicquid
1464 1174 1675 1237 litteris
1712 1175 2047 1249 mandetur,
2093 1175 2152 1237 id
2179 1175 2588 1238 commendari

430 1260 700 1321 omnium
731 1260 1098 1322 eruditorum
1130 1259 1374 1322 lectioni
1407 1261 1638 1323 decere.
1699 1260 1842 1334 Nec,
1888 1260 1937 1322 si
1976 1259 2036 1321 id
2066 1259 2177 1340 ipsi
2209 1260 2407 1323 minus
2435 1279 2586 1322 con·

428 1346 599 1425 sequi
644 1364 997 1426 possumus,
1053 1345 1276 1407 idcirco
1334 1346 1534 1409 minus
1591 1346 1650 1407 id
1708 1345 1786 1407 ita
1832 1345 2168 1407 faciendum
2227 1365 2357 1409 esse
2399 1347 2587 1408 senti·

428 1448 578 1493 mus.
648 1430 855 1511 Itaque
896 1431 1038 1492 mihi
1085 1449 1324 1511 semper
1355 1430 1882 1512 Peripateticorum
1925 1429 2394 1511 Academiaeque
2439 1450 2588 1494 con·

429 1514 683 1577 suetudo
723 1515 797 1577 de
841 1515 1122 1579 omnibus
1164 1517 1344 1578 rebus
1383 1517 1447 1577 in
1489 1516 1819 1578 contrarias
1858 1516 2045 1596 partis
2085 1516 2416 1578 disserendi
2461 1536 2586 1579 non
2638 1533 2714 1584 15

431 1600 508 1662 ob
548 1619 678 1662 eam
723 1619 958 1662 causam
1003 1601 1196 1663 solum
1241 1602 1482 1682 placuit,
1527 1601 1689 1681 quod
1723 1601 1892 1662 aliter
1937 1620 2061 1662 non
2105 1610 2308 1681 posset
2337 1603 2476 1682 quid
2522 1603 2589 1663 in

431 1704 668 1765 quaque
713 1704 780 1747 re
824 1686 948 1747 veri
992 1686 1183 1748 simile
1229 1696 1386 1749 esset
1429 1687 1701 1759 inveniri,
1746 1686 1852 1747 sed
1895 1686 2072 1748 etiam
2116 1688 2276 1766 quod
2320 1697 2476 1750 esset
2521 1705 2592 1749 ea

431 1788 702 1832 maxuma
747 1770 982 1833 dicendi
1026 1771 1399 1847 exercitati03
1446 1790 1564 1851 qua
1606 1771 1890 1853 princeps
1919 1790 2062 1834 usus
2106 1780 2197 1834 est
2225 1772 2591 1848 Aristoteles,

429 1921 562 1973 auch
587 1920 669 1974 die
692 1919 1038 1984 Korrektheit,
1075 1926 1265 1973 ornate
1298 1921 1461 1988 ledig-

427 1988 532 2040 lich
569 1987 652 2041 die
688 1989 974 2042 Schonheit
1017 1989 1109 2041 des
1143 1988 1460 2041 Ausdrueks.

501 2060 548 2116 1,
583 2057 863 2110 lectionem
911 2062 1028 2109 sine
1068 2056 1182 2109 ulla
1236 2057 1463 2109 delecta-

428 2128 575 2177 tione
628 2125 712 2177 die
756 2125 1173 2194 unerquickliche
1214 2125 1458 2186 Lektu'ire:

429 2209 469 2246 s.
493 2192 531 2246 1.
558 2197 641 2258 22,
667 2197 731 2249 51
768 2210 832 2246 zu
865 2200 984 2246 sine
1019 2210 1260 2260 corpore.

498 2264 547 2318 2.
581 2266 836 2326 sentiant,
890 2279 933 2317 s·
988 2279 1053 2316 zu
1104 2264 1142 2318 l.
1185 2266 1235 2330 3,
1260 2265 1292 2317 6
1317 2278 1370 2316 ιι.
1398 2261 1458 2316 V.

501 2403 597 2466 qui
617 2403 748 2451 sunt
767 2401 834 2451 ab
860 2416 924 2451 ea
948 2400 1255 2467 disciplina.
1303 2398 1374 2452 So
1399 2399 1465 2451 de

427 2465 516 2521 fin.
551 2468 637 2525 IV.
673 2470 722 2532 3,
760 2471 815 2520 '12
860 2468 1009 2520 Zeno
1055 2475 1107 2520 et
1151 2471 1218 2520 ab
1264 2484 1326 2519 eo
1372 2471 1468 2533 qui

427 2542 580 2598 semt3
631 2554 683 2605 p.
719 2536 846 2589 Mur.
883 2538 967 2603 30,
1001 2538 1097 2591 63:
1151 2538 1330 2589 nostri
1379 2536 1468 2587 illi

432 2622 465 2656 a
503 2606 726 2659 Platone
759 2610 814 2655 et
831 2606 1149 2669 Aristotele5
1183 2604 1373 2672 griech.
1410 2608 1472 2656 οἱ

433 2675 546 2725 ἀπὸ
580 2670 903 2739 Πῖάτωνος,
939 2679 997 2725 οἱ
1029 2676 1142 2725 ἀπὸ
1192 2679 1287 2740 τῆς
1310 2668 1465 2724 Ἀκα-

435 2735 674 2809 δημείαε.
747 2740 1071 2808 Vollstindig
1103 2743 1174 2794 ist
1206 2741 1297 2793 der
1330 2740 1465 2793 Aus—

433 2808 594 2861 druck
621 2810 654 2876 §
680 2811 737 2863 8:
774 2825 880 2872 eos,
917 2813 1012 2876 qui
1034 2812 1102 2860 ab
1126 2811 1211 2861 Itis
1224 2807 1468 2876 profecti

428 2881 569 2929 sunt.

503 2947 549 2998 3.
592 2959 746 2995 nemo
778 2959 848 2995 ne
870 2972 936 2983 —
972 2943 1199 3010 quidem,
1254 2942 1363 3008 vgl.
1399 2959 1464 2995 zu

430 3011 467 3065 1.
506 3014 601 3077 23,
638 3015 730 3067 53:
786 3027 1081 3079 numquam
1137 3028 1205 3062 ne
1260 3014 1468 3063 moveri

432 3081 663 3147 quidem.
1069 3139 1074 3140 ⁷

502 3151 549 3201 5.
586 3150 696 3215 ipsi
747 3152 813 3200 st.
847 3148 998 3214 ipsis,
1023 3161 1094 3204 s.
1125 3152 1290 3201 »unten
1324 3163 1387 3199 zu
1413 3150 1465 3213 4,

435 3220 523 3271 11:
561 3220 675 3283 ipse
706 3217 826 3268 sibi.

501 3289 548 3338 7.
583 3286 701 3350 illa,
736 3300 780 3339 e.
815 3282 852 3336 1.
878 3286 961 3349 24,
985 3287 1052 3337 56
1087 3300 1151 3336 ιιι
1187 3286 1333 3339 haec.

503 3357 551 3407 8.
587 3354 908 3421 Epicurum.
947 3352 1113 3405 Wenn
1148 3353 1318 3419 gleich
1343 3352 1464 3421 Epi-

439 3420 537 3475 kur
572 3437 674 3475 von
701 3423 877 3475 Cicero
912 3421 981 3473 im
1019 3420 1360 3487 allgemeinen
1394 3437 1460 3474 zu

435 3490 848 3557 geringschiitzig
902 3489 1146 3541 beurteilt
1192 3488 1346 3554 wird,
1398 3505 1458 3542 so

431 3557 501 3609 iet
551 3557 685 3612 doch
729 3558 873 3610 nieht
924 3573 989 3610 zu
1042 3557 1291 3624 leugnen,
1344 3556 1456 3610 dal's

432 3639 503 3688 er,
541 3627 661 3677 weil
686 3641 742 3679 er
777 3626 861 3678 die
884 3624 1144 3677 Dialektik
1169 3625 1460 3693 uberhaupt

430 3694 745 3759 verachtete,
769 3694 821 3746 in
847 3694 1023 3746 seinen
1049 3693 1304 3746 Schriften
1329 3694 1457 3746 viel-

431 3761 549 3814 fach
583 3760 667 3833 die
702 3763 878 3830 notige
915 3761 1125 3815 Schfirfe
1159 3762 1264 3815 und
1302 3761 1456 3829 Sorg-

431 3830 527 3883 falt
551 3831 832 3884 vermiesen
856 3830 989 3886 liets.
1035 3831 1109 3884 Zu
1135 3836 1231 3884 aut
1249 3860 1307 3871 --
1332 3847 1457 3884 con·

1561 1925 1841 2042 :lectantur
1876 1922 1979 1990 vgl.
2012 1921 2093 1975 111.
2129 1925 2214 1988 31,
2249 1926 2341 1977 75:
2378 1927 2481 1975 aut
2509 1940 2595 1974 se-

1603 2006 1716 2043 are.

1633 2061 1684 2112 9.
1730 2056 2094 2121 Metrodorus,
2147 2058 2260 2110 sein
2305 2056 2596 2125 Lieblings-

1563 2126 1770 2178 schiiler
1809 2128 1997 2192 (paene
2031 2126 2169 2178 alter
2201 2127 2491 2193 Epicurus,
2527 2125 2596 2179 de

1563 2193 1654 2248 fin.
1686 2193 1745 2248 11.
1782 2196 1875 2257 28,
1909 2196 2022 2258 92),
2068 2193 2334 2247 Verfasser
2375 2194 2596 2246 zahlrei-

1564 2263 1687 2316 cher
1707 2262 1983 2326 Schriften,
1995 2262 2273 2327 cigentlich
2293 2278 2387 2315 ans
2405 2262 2598 2328 Athen,

1569 2331 1694 2384 aber
1727 2329 2053 2398 gewohnlich
2078 2329 2472 2397 Lampsacenus
2505 2345 2601 2397 ge-

1567 2404 1755 2463 nennt,
1807 2399 1877 2451 iet
1933 2398 2030 2450 mit
2085 2399 2201 2451 dem
2250 2397 2600 2451 Akademiker

1569 2467 1639 2520 M.
1674 2467 1730 2532 (1.
1749 2470 1834 2529 24,
1854 2469 1941 2532 59)
1966 2466 2108 2519 nicht
2131 2483 2195 2519 zu
2218 2468 2597 2523 verwechseln.

1637 2552 1749 2587 non
1798 2534 1940 2599 fere,
1987 2534 2130 2587 nicht
2174 2536 2360 2601 leicht,
2407 2537 2508 2589 wie
2553 2535 2597 2589 1.

1547 2608 1655 2668 .17,
1679 2606 1763 2668 38,
1798 2603 1903 2654 und
1937 2619 2049 2655 non
2082 2602 2256 2665 ferme
2289 2603 2453 2666 V.38,
2477 2606 2598 2658 111.

1641 2674 1720 2725 12.
1748 2671 1884 2737 Nec,
1931 2673 1981 2722 si
2015 2678 2112 2725 cet.
2191 2671 2285 2724 Die
2338 2672 2599 2739 Negation

1566 2739 1697 2791 wird
1741 2740 1858 2792 dem
1893 2738 2336 2807 Bedlngungssatz
2382 2755 2597 2793 vorans-

1565 2807 1861 2874 geschickt,
1905 2823 2059 2860 wenn
2108 2823 2202 2861 ans
2247 2809 2439 2861 diesem
2473 2808 2595 2861 eine

1565 2877 1806 2944 negative
1841 2875 2133 2943 Folgerung
2165 2891 2398 2944 gezogen
2435 2875 2594 2938 wird3

1566 2945 1670 3011 vgl.
1718 2945 1783 2998 de
1828 2959 1902 2997 or.
1937 2944 1994 2997 11.
2030 2947 2126 3009 40,
2165 2949 2286 2999 170:
2340 2944 2491 3010 Non,
2540 2948 2596 2995 si

1569 3014 1842 3080 Opimium
1859 3013 2163 3078 defendisti,
2177 3013 2365 3079 carbo,
2382 3014 2594 3066 idcirco

1566 3086 1620 3132 te
1656 3085 1751 3134 isti
1784 3085 1980 3133 bonum
2015 3084 2183 3133 civem
2215 3084 2501 3147 putabunt.

1639 3153 1721 3205 15.
1754 3153 1815 3202 in
1859 3152 2166 3202 contrarias
2191 3153 2375 3216 partis
2419 3172 2486 3194 .-
2530 3153 2596 3202 in

1563 3223 1850 3285 utramque
1880 3222 2091 3284 partem
2124 3216 2211 3283 (de
2246 3223 2376 3272 orat.
2400 3217 2478 3271 m.
2505 3220 2594 3284 27,

1569 3289 1709 3353 107):
1745 3288 1827 3339 {fir
1860 3286 1967 3338 und
2003 3285 2179 3338 wider.

1637 3357 1716 3409 18.
1748 3358 2018 3422 princeps,
2055 3368 2096 3406 s·
2132 3370 2177 3406 ι.
2210 3352 2287 3406 111.
2328 3357 2408 3419 17,
2433 3356 2517 3408 36.

1629 3424 1957 3476 Aristoteles.
2028 3421 2204 3474 Cicero
2250 3423 2447 3489 spricht
2480 3439 2589 3475 von

1562 3490 1661 3544 den
1714 3506 1895 3559 sogen.
1946 3486 2261 3555 ἐπιδείξεις,
2320 3489 2370 3543 d.
2404 3490 2439 3543 i.
2498 3507 2592 3544 ιιι-

1560 3556 2094 3625 sammenhiingenden
2132 3558 2416 3624 vorti-agen
2462 3560 2591 3611 iiber

1560 3627 1669 3693 das,
1704 3643 1815 3681 was
1839 3628 1921 3679 ffir
1943 3626 2069 3678 oder
2092 3641 2256 3693 gegen
2282 3626 2397 3678 eine
2421 3626 2590 3680 Sache

1558 3712 1621 3748 ιιι
1659 3710 1820 3763 sagen
1856 3710 1988 3760 war,
2026 3694 2223 3747 welche
2262 3694 2467 3747 sowohl
2502 3694 2588 3749 die

1560 3762 2590 3887 {stnszerissrssxasrrazaza:
