2834 4317
1040 158 1226 211 mBsR
1262 159 1327 218 v.
1362 162 1446 226 23,
1466 163 1547 214 65.
1567 162 1651 216 cc.
2298 160 2416 221 137

267 330 342 393 ab
376 330 778 412 SyracusaniS,
816 350 951 393 cum
985 350 1114 394 esse
1144 333 1389 394 omnino
1433 341 1735 412 negarent,
1766 342 2037 411 saeptum
2071 334 2333 412 undique
2362 344 2422 396 et

267 416 542 478 vestitum
587 415 866 496 vepribus
924 425 983 478 et
1026 415 1280 480 dumetis
1333 417 1603 497 indagavi
1660 418 2020 497 sepulcrum.
2121 418 2419 480 Tenebam

274 501 435 562 enim
468 502 754 580 quosdam
788 503 1144 576 senariolos,
1187 522 1338 583 quos
1367 503 1430 564 in
1462 503 1589 565 eius
1617 512 2007 564 monumento
2043 523 2180 566 ‚esse
2209 504 2422 566 inscri-

274 595 411 667 ptos
448 605 822 666 acceperam,
872 588 971 666 qui
1011 588 1389 650 declarabant
1424 589 1485 649 in
1518 606 1749 650 summo
1788 589 2067 668 *sepulcro
2113 589 2422 668 sphaeram

189 686 220 735 5
269 689 399 733 esse
425 672 675 751 positam
713 691 849 734 cum
875 673 1160 752 cylindro.
1213 673 1338 752 Ego
1363 683 1580 747 autem,
1612 692 1748 734 cum
1773 674 1969 734 omnia
1992 674 2422 736 conlustrarem

271 757 460 818 oculis
480 790 562 801 —-
588 766 678 819 est
699 758 859 819 enim
882 757 953 819 ad
977 768 1178 837 portas
1190 758 1623 838 Agragentinas
1645 777 1857 838 magna
1870 759 2203 839 frequentia
2224 761 2424 838 sepul·

174 917 177 922 ,
272 859 512 903 crorum
551 876 664 918 —,
710 844 973 904 animum
1015 844 1235 905 adverti
1279 844 1649 905 columellam
1693 863 1814 904 non
1861 843 2113 905 multum
2158 863 2190 904 e
2232 844 2424 907 dumis

273 927 656 1000 eminentem,
687 928 749 989 in
784 947 900 1007 qua
928 928 1122 990 inerat
1151 935 1433 1008 sphaerae
1458 931 1646 1008 figura
1680 938 1739 990 et
1768 928 2037 1009 cylindri.
2088 931 2280 1008 Atque
2310 950 2421 1010 ego

270 1012 468 1073 statim
499 1013 880 1093 Syracusanis
909 1048 992 1059 -
1021 1026 1194 1076 erant
1237 1024 1433 1076 autem
1477 1014 1782 1094 principes
1811 1032 2045 1075 mecum
2076 1048 2155 1058 —
2183 1014 2299 1074 dixi
2330 1034 2425 1076 me

128 1095 225 1162 ’10
270 1097 415 1159 illud
446 1097 640 1178 ipsum
669 1098 943 1160 arbitrari
966 1118 1095 1161 esse
1120 1100 1276 1178 quod
1306 1117 1674 1178 quaererem.
1727 1099 1979 1160 Immissi
2011 1118 2146 1161 cum
2179 1100 2425 1162 falcibus

273 1183 444 1244 multi
474 1192 808 1262 purgarunt
836 1193 896 1245 et
923 1194 1290 1264 aperuerunt
1318 1186 1536 1246 locum.
1591 1184 1722 1255 Quo
1755 1203 1890 1245 cum
1913 1185 2242 1263 patefactus
2272 1195 2427 1248 esset

275 1268 484 1342 aditus,
531 1269 602 1329 ad
647 1268 946 1330 adversam
990 1270 1177 1332 basim
1223 1270 1597 1332 accessimuS.
1684 1268 2024 1349 Apparebat
2068 1270 2424 1348 epigramma

178 1387 183 1392 ·
275 1353 464 1415 exesis
508 1354 938 1433 posterioribus
982 1355 1247 1435 partibus
1290 1354 1715 1416 versiculorum
1757 1354 2067 1416 dimidiatis
2110 1354 2253 1416 fere.
2341 1355 2423 1417 lta

275 1437 639 1499 nobilissima
685 1438 962 1501 Graeciae
1008 1440 1239 1515 civitas,
1300 1440 1599 1519 quondam
1653 1457 1793 1500 vero
1840 1439 2013 1500 etiam
2073 1440 2426 1514 doctissima,

164 1533 223 1586 15
272 1524 363 1584 sui
395 1524 537 1585 civis
579 1524 759 1585 unius
800 1524 1120 1587 acutissimi
1161 1533 1615 1586 monumentum
1659 1525 2019 1604 ignorasset,
2071 1524 2183 1586 nisi
2215 1526 2286 1586 ab
2318 1526 2426 1587 ho-

272 1608 435 1669 mine
466 1609 733 1688 Arpinati
763 1609 1076 1674 didicisset.
1139 1611 1256 1673 Sed
1285 1611 1488 1678 redeat
1518 1609 1678 1670 unde
1701 1609 1990 1671 aberravit
2017 1610 2225 1671 oratio.
2281 1611 2427 1682 Quis

274 1701 365 1755 est
408 1695 706 1768 omnium,
753 1696 855 1774 qui
904 1696 1080 1757 modo
1125 1715 1260 1758 cum
1292 1696 1509 1768 Musis,
1552 1694 1611 1755 id
1654 1703 1743 1756 est
1785 1713 1921 1756 cum
1963 1696 2327 1757 humanitate
2370 1706 2428 1757 et

277 1795 416 1839 cum
460 1778 760 1856 doctrina,
806 1780 1019 1842 habeat
1060 1781 1293 1860 aliquod
1340 1780 1794 1854 commercium,
1842 1780 1943 1858 qui
1988 1799 2051 1842 se
2097 1800 2217 1842 non
2264 1781 2428 1842 hunc

273 1863 750 1926 mathematicum
803 1866 965 1926 malit
1009 1885 1186 1945 quam
1237 1866 1409 1927 illum
1446 1863 1813 1946 tyrannum?
1887 1865 1948 1927 Si
1990 1866 2135 1926 vitae
2185 1867 2428 1928 modum

164 1961 226 2011 20
273 1946 689 2029 actionemque
722 1952 1089 2029 quaerimus,
1137 1952 1377 2013 alterius
1420 1969 1591 2011 mens
1636 1950 1965 2012 rationibus
2006 1951 2294 2030 agitandis
2325 1971 2426 2012 ex-

275 2035 699 2115 quirendisque
728 2035 999 2098 alebatur
1043 2056 1179 2098 cum
1211 2036 1605 2098 oblectatione
1649 2036 1972 2111 sollertiae,
2019 2036 2120 2114 qui
2152 2046 2240 2098 est
2269 2055 2426 2098 unus

272 2167 400 2218 gens
446 2151 590 2203 hatte
626 2167 680 2203 er
720 2153 896 2205 seinen
933 2153 1124 2205 Posten
1159 2154 1302 2205 nicht
1402 2151 1557 2204 deren
1603 2152 1734 2203 auch
1789 2151 1878 2203 der
1918 2150 2201 2219 Philosoph
2247 2151 2430 2220 Empe-

273 2220 328 2270 in
353 2218 577 2286 Syracus
606 2220 784 2285 selbst,
820 2220 1039 2273 sondern
1075 2222 1127 2272 in
1164 2221 1301 2288 Lily-

271 2289 426 2339 biium
473 2288 610 2339 heim
645 2287 826 2341 Priitor
863 2288 981 2341 Sex.
1018 2289 1300 2342 Peduciius.

271 2356 348 2408 Zu
383 2359 537 2407 cuius
570 2371 667 2421 ego
703 2357 806 2422 vgl.
842 2357 876 2409 1.
917 2360 995 2420 16,
1022 2359 1103 2411 36.

351 2426 400 2477 4.
447 2426 730 2490 sphaeram
762 2453 829 2462 —-
865 2441 984 2476 eum
1036 2426 1302 2493 cylindrO.

269 2491 602 2544 Archimedes
638 2493 728 2544 hat
763 2492 916 2547 niiml.
954 2494 1046 2546 das
1076 2493 1303 2546 Vei-halt-

272 2560 354 2612 nis
391 2559 480 2611 des
530 2560 925 2612 Kubikinhaltes
969 2562 1145 2614 beider
1179 2562 1305 2614 Kor-

269 2643 366 2694 per
415 2644 478 2679 zu
528 2629 768 2680 einander
814 2636 984 2682 zuerst
1029 2630 1303 2696 gerunden.

270 2695 392 2761 Vgl.
430 2697 557 2747 auch
590 2696 626 2748 l.
655 2700 737 2758 25,
758 2698 840 2749 63.

345 2766 392 2816 6.
438 2764 866 2829 Agragantinas,
905 2782 1009 2817 von
1047 2764 1207 2835 Ακρά
1245 2782 1306 2818 ας

271 2854 365 2951 1·=h
425 2834 764 2898 grigentum,
814 2834 988 2885 wohin
1038 2834 1128 2885 das
1164 2833 1305 2900 Thor

299 2904 332 2951 fi
371 2905 464 2955 rte.

162 2996 169 3003 ·
348 2972 394 3020 7.
431 2972 670 3019 animum
704 2970 927 3033 adverti,
963 2970 1094 3021 auch
1118 2969 1193 3021 111.
1220 2972 1303 3034 20,

192 3083 197 3088 .
276 3038 345 3089 48
383 3042 635 3102 getrennt.

346 3107 393 3157 9.
440 3108 599 3156 erant
639 3110 844 3170 autem,
890 3120 930 3156 S.
968 3120 1032 3156 zu
1076 3103 1110 3157 1.
1149 3105 1207 3170 2,
1246 3107 1301 3158 3:

272 3173 510 3224 duxerat
544 3178 739 3224 autem.

346 3244 425 3294 11.
451 3242 626 3305 multi,
654 3242 770 3293 weil
790 3241 872 3293 die
893 3239 1194 3305 Siuberung
1213 3239 1304 3291 des

266 3306 476 3360 Platzes
486 3308 732 3361 in·kurzer
741 3310 853 3361 Zeit
865 3309 1004 3360 nicht
1015 3308 1172 3360 leicht
1186 3323 1304 3360 war.

343 3377 423 3428 12.
448 3378 522 3427 ad
542 3378 821 3429 adversam
846 3369 1165 3428 basimz‘zur
1176 3374 1305 3427 Vor-

195 3490 207 3501 ,
269 3444 495 3496 derseite
534 3444 624 3497 des
662 3437 1027 3512 Fussgestells'.
1106 3493 1107 3496 ,

346 3513 424 3565 13.
461 3515 661 3563 exesis:
694 3515 996 3566 verwittert.
1086 3513 1101 3532 '

345 3584 423 3634 14.
453 3579 734 3646 Graeciae,
770 3582 851 3633 fiir
876 3597 1105 3647 magnae
1143 3581 1304 3631 Grae-

269 3649 405 3711 ciae,
433 3648 532 3699 wie
557 3664 606 3715 p.
627 3650 777 3702 Arch.
804 3653 852 3714 5,
877 3653 968 3703 1οι
994 3653 1052 3700 in
1075 3649 1303 3701 Graecia

200 3747 207 3754 ·
267 3719 511 3768 homines
538 3746 599 3754 -—
624 3716 859 3783 Reginos
895 3723 993 3768 aut
1014 3717 1300 3768 Locrenses

188 3791 197 3798 ”
269 3790 372 3836 aut
404 3784 792 3850 Neapolitanos
830 3791 926 3836 aut
966 3785 1013 3837 T
1009 3789 1299 3839 arentinos.

343 3853 671 3906 doctissima:
698 3856 806 3906 hier
838 3855 980 3906 hatte
1005 3856 1176 3906 ausser
1211 3869 1300 3906 an-

1404 2219 1590 2271 dokles
1626 2219 1814 2284 gelebt.

1477 2291 1556 2341 15.
1606 2291 1766 2338 unius
1810 2290 2120 2339 acutissimi.
2189 2286 2428 2341 Dieselbe

1406 2354 1758 2421 Verstiirkung
1793 2353 1885 2407 des
1931 2354 2223 2420 Superlativ
2259 2357 2427 2422 gleich

1404 2424 1627 2475 naehher
1652 2422 1868 2476 wieder:
1912 2439 2053 2473 unus
2083 2426 2429 2476 suavissimus

1402 2496 1606 2558 pastus.
1680 2490 1731 2543 S.
1768 2507 1831 2543 zu
1865 2489 1948 2542 lv,
1986 2492 2065 2556 25,
2108 2495 2187 2545 55.

1476 2562 1539 2610 ab
1577 2561 1786 2610 homine
1810 2560 2086 2625 Arpinati,
2125 2561 2264 2612 nicht
2293 2562 2427 2613 ohne

1407 2627 1787 2693 Genugthuung
1812 2635 2008 2693 gesagt,
2046 2627 2107 2678 da
2144 2629 2250 2679 ihm
2286 2631 2428 2681 seine

1407 2695 1608 2760 Gegner
1644 2696 1726 2746 die
1769 2694 2021 2747 Herkunft
2055 2711 2147 2747 aus
2184 2697 2272 2749 der
2309 2696 2429 2749 Pro—

1406 2763 1736 2815 vinzialstadt
1778 2764 2021 2830 Arpinum
2074 2764 2214 2816 nieht
2261 2765 2428 2817 selten

1406 2847 1524 2883 zum
1565 2830 1804 2883 Vorwurf
1837 2832 2089 2884 machten.

1481 2903 1559 2952 16.
1590 2903 1763 2953 aberr.
1794 2904 1994 2965 oratio,
2023 2916 2063 2952 S.
2085 2899 2221 2952 z.111.
2242 2903 2323 2965 33,
2343 2904 2425 2955 80.

1481 2971 1561 3020 17.
1586 2985 1704 3019 eum
1728 2968 1897 3019 Musis
1928 2973 2025 3020 cet.
2075 2969 2142 3021 So
2168 2973 2429 3034 agrestio-

1405 3052 1493 3086 res
1526 3037 1712 3087 Musae
1747 3062 1812 3081 =
1848 3039 2148 3102 eloquentia
2184 3038 2339 3102 (Orat.
2380 3040 2427 3103 3,

1410 3105 1521 3168 12);
1556 3107 1942 3156 mansuetiores
1963 3105 2147 3156 Musae
2169 3132 2235 3150 =
2251 3105 2430 3172 philo-

1405 3174 1595 3238 sophia
1631 3173 1717 3237 (ad
1752 3172 1869 3225 fam.
1905 3173 1941 3226 1.
1979 3176 2028 3235 9,
2064 3176 2166 3239 23).

1481 3242 1560 3293 18.
1598 3244 1694 3306 qui
1716 3269 1784 3278 —-
1821 3244 2130 3308 tyrannum.
2194 3238 2306 3305 vgl.
2347 3244 2426 3306 19,

1408 3310 1500 3359 54:
1535 3309 1722 3359 malles
1758 3313 1807 3359 te
1843 3337 1907 3347 —
1944 3311 2223 3360 consulem.

1479 3379 1557 3429 19.
1609 3380 1751 3427 vitae
1795 3378 2007 3428 modum
2061 3379 2430 3441 actionemque

1397 3435 1643 3497 ‘Lebens-
1679 3443 1780 3496 und
1806 3439 2427 3509 Beschiil'tigungsweise’.

1479 3514 1559 3565 20.
1593 3515 1899 3563 rationibus
1933 3513 2207 3577 agitandis
2242 3517 2427 3578 exequi·

1405 3583 1713 3647 rendisque:
1769 3567 2095 3646 Uberlegung
2147 3580 2251 3632 und
2303 3581 2429 3632 Auf-

1406 3647 1621 3712 findung
1641 3663 1757 3701 .von
1794 3646 2216 3713 Berechnungen.

1475 3718 1558 3769 21.
1599 3717 1781 3767 obleet.
1815 3717 2110 3767 sollertiae:
2147 3716 2339 3769 Frende
2364 3733 2429 3769 an

1404 3783 1496 3836 der
1531 3783 1925 3837 erfinderischen
1971 3783 2428 3851 Schaffungskraft,

1406 3852 1529 3908 Gen.
1569 3868 1769 3905 causae.
