2834 4317
351 1372 407 1421 (Π

465 164 549 223 94
1285 165 1475 220 LIBER
1507 164 1591 220 IV.
1629 168 1711 232 31,
1729 170 1815 220 67.

462 339 633 401 adfici
661 357 838 418 posse
869 338 1280 419 insipientem,
1323 339 1484 418 quod
1515 338 1664 401 nihil
1693 356 1974 418 umquam
2004 338 2251 401 haberet
2278 338 2441 401 boni.
2503 339 2612 402 Sed
2702 372 2715 387 ·

461 424 764 504 loquimur
793 443 958 487 nunc
987 442 1154 485 more
1198 424 1523 486 communi.
1581 425 1716 487 Sint
1755 443 1900 486 sane
1940 425 2050 488 ista
2089 425 2279 497 bona,
2321 442 2475 504 quae
2504 444 2613 505 pu-

460 521 696 583 tantur,
738 511 1031 582 honoreS,
1075 509 1333 584 divitiae,
1363 509 1725 590 voluptates,
1757 519 1983 585 cetera,
2013 519 2211 571 tamen
2251 510 2315 571 in
2360 509 2445 571 eis
2475 510 2610 590 ipsis

459 595 765 675 potiundis
793 595 1094 658 exsultans
1136 596 1517 674 gestiensque
1545 594 1762 656 laetitia
1803 597 1996 676 turpis
2041 604 2160 672 est,
2202 606 2297 669 ut,
2342 594 2391 656 si
2422 593 2611 656 ridere

461 698 811 744 concessum
854 682 961 756 sit,
1004 681 1373 760 vituperetur
1430 689 1627 742 tamen
1690 681 2083 744 cachinnatio.
2170 680 2397 741 Eodem
2456 680 2609 742 enim
2646 690 2675 740 5

458 767 598 828 vitio
628 774 719 827 est
742 765 950 827 effusio
974 765 1156 826 animi
1179 765 1240 828 in
1264 765 1502 839 laetitia,
1532 767 1741 843 quoin
1766 766 1972 828 dolore
1994 765 2345 840 contractio,
2378 765 2607 826 eadem-

459 868 576 931 que
606 851 839 911 levitate
868 849 1158 930 cupiditas
1188 860 1280 912 est
1308 851 1368 912 in
1403 852 1773 931 appetendo,
1820 869 1935 931 qua
1963 851 2180 913 laetitia
2226 851 2287 912 in
2334 848 2608 924 fruendo,

459 948 535 1011 et,
568 945 635 997 ut
666 936 841 997 nimis
870 934 1087 997 adflicti
1114 935 1416 1011 molestia,
1446 938 1533 998 sic
1563 937 1739 999 nimis
1770 936 1908 998 elati
1935 936 2153 998 laetitia
2185 937 2314 997 iure
2344 935 2609 997 iudican-

455 1032 557 1083 tur
585 1021 761 1083 leves.
824 1020 900 1081 Et
930 1039 1065 1083 cum
1096 1021 1358 1083 invidere
1391 1022 1778 1102 aegritudinis
1808 1023 1911 1095 sit,
1954 1021 2123 1083 malis
2164 1030 2361 1083 autem
2405 1020 2610 1082 alienis

454 1106 818 1186 voluptatem
863 1123 1074 1186 capere
1129 1106 1381 1168 laetitiae
1397 1151 1414 1180 ‚
1460 1115 1782 1188 utrumque
1839 1107 2204 1169 immanitate
2262 1115 2323 1167 et
2378 1106 2608 1167 feritate

456 1192 708 1271 quadam
746 1192 1141 1271 proponenda
1183 1192 1458 1271 castigari
1496 1193 1664 1253 solet.
1733 1196 1926 1272 Atque
1965 1202 2034 1254 ut
2067 1191 2378 1272 providere
2418 1189 2608 1266 decet,

455 1277 665 1338 timere
697 1295 820 1338 non
852 1277 1046 1352 decet,
1077 1277 1163 1338 sic
1191 1277 1452 1357 gaudere
1480 1276 1675 1359 decet,
1706 1277 1912 1339 laetari
1942 1296 2067 1340 non
2097 1278 2297 1350 decet,
2329 1277 2609 1356 quoniam

451 1362 707 1424 docendi
737 1380 913 1423 causa
943 1380 976 1421 a
1003 1362 1217 1441 gaudio
1261 1362 1538 1424 laetitiam
1582 1363 2020 1443 distinguimus·
2079 1362 2231 1424 Illud
2273 1361 2387 1422 iam
2429 1380 2608 1441 supra

452 1447 725 1523 diximus,
758 1447 1230 1509 contractionem
1264 1447 1447 1509 animi
1476 1457 1638 1510 recte
1669 1449 1797 1510 fieri
1829 1466 2157 1527 numquam
2177 1465 2373 1527 posse,
2403 1447 2609 1508 elatio-

452 1551 590 1595 nem
619 1550 816 1612 posse.
875 1531 1059 1593 Aliter
1088 1532 1248 1594 enim
1277 1533 1609 1594 Naevianus
1637 1533 1736 1595 ille
1766 1534 1982 1613 gaudet
2012 1533 2263 1593 Hector:

618 1617 828 1680 Metus
854 1636 985 1678 sum
1014 1616 1250 1679 laudari
1273 1637 1363 1679 me
1391 1618 1493 1680 abs
1520 1628 1593 1691 te,
1617 1622 1807 1699 pater,
1844 1639 1882 1681 a
1911 1619 2148 1681 laudato
2177 1621 2326 1688 viro,

375 1705 385 1718 “
450 1704 619 1765 aliter
650 1703 746 1763 ille
776 1702 933 1782 apud
964 1701 1287 1763 Trabeam:

532 1787 692 1849 Lina
722 1788 970 1848 delenita
998 1799 1234 1866 arqento
1264 1790 1475 1849 nictum
1504 1788 1827 1849 observabit
1853 1806 2064 1859 meum,

540 1870 700 1943 Quid
726 1872 916 1943 velim,
945 1873 1084 1952 quid
1110 1872 1406 1946 studeam3
1438 1873 1753 1935 adveniens
1781 1874 1957 1951 diyt'to
1989 1872 2260 1953 inpeuam
2288 1875 2554 1944 ianuam,

531 1955 708 2018 Fores
729 1956 1039 2059 patebunt,·
1067 1957 1134 2018 de
1162 1961 1456 2037 inproviso
1492 1955 1731 2038 Chrysis
1757 1958 1861 2019 ubi
1885 1977 1977 2019 me
2004 1959 2313 2038 aspeaeerit,

534 2037 755 2104 alacris
782 2042 850 2103 ob
878 2045 1039 2103 via'm
1063 2041 1212 2104 mihi
1235 2047 1423 2105 vemet
1450 2044 1796 2123 conpleaeum
1827 2047 2109 2122 exoptans
2135 2061 2342 2117 meum,

532 2126 688 2190 Mihi
713 2146 771 2189 se
800 2127 972 2188 dedet.

506 2281 555 2330 2.
592 2278 718 2330 Sint
748 2294 894 2342 sane,
931 2293 972 2330 8.
1007 2293 1073 2330 zu
1109 2280 1191 2344 21,
1225 2281 1313 2332 48.

508 2349 556 2399 3.
592 2349 654 2397 in
691 2348 769 2397 eis
802 2348 934 2412 ipsis
963 2347 1268 2414 potiundis,
1312 2363 1355 2400 8.
1388 2347 1466 2400 ΙΙΙ.

439 2415 1088 2478 7,15·admummunus
1110 2412 1253 2482 sung
1254 2417 1465 2470 endum.

504 2487 552 2535 5.
590 2483 771 2535 eodem
806 2486 940 2535 vitio
975 2490 1066 2549 est,
1098 2483 1216 2535 Abl.
1257 2485 1463 2568 qualite

427 2543 510 2603 ‘es
529 2551 669 2604 istm
688 2551 940 2618 gleichem
961 2550 1126 2604 Grade
1146 2546 1465 2617 sehlerhast’,

435 2619 518 2671 sur
558 2619 650 2672 das
700 2620 959 2686 gewiihnl.
1003 2622 1064 2671 in
1114 2621 1294 2672 eodem
1329 2624 1464 2672 vitio

434 2694 513 2739 est
557 2690 618 2752 (8.
663 2704 729 2740 zu
771 2688 847 2740 111.
883 2691 942 2753 9,
987 2690 1095 2753 19),
1139 2702 1324 2755 wegen
1370 2688 1463 2741 des

434 2755 711 2822 folgenden
747 2760 808 2807 in
844 2727 1068 2807 lae'tt’tia.

502 2827 550 2876 6.
599 2841 628 2874 e
747 2828 790 2874 o
836 2826 1009 2875 animi
1047 2820 1151 2875 ‘die
1184 2823 1463 2908 118838188-

433 2891 682 2956 senheit,
725 2893 897 2942 animi
931 2892 1231 2942 contractio
1268 2886 1463 2944 ‘Klein-

432 2929 742 3024 mutigkeit',
777 2959 878 3012 wie
915 2960 1339 3024 6‚14:animoe
1375 2960 1463 3010 de-

429 3029 703 3160 ἷηίτὶιιπι
686 2997 742 3076 et’
771 3028 1112 3079 contrahunt.
1176 3025 1294 3094 Vgl.
1329 3028 1462 3080 auch

501 3165 549 3217 8.
585 3164 900 3215 iudicantur
934 3163 1085 3231 levet,
1120 3165 1224 3231 vgl.
1263 3167 1348 3232 22,
1377 3170 1461 3220 50.

432 3230 502 3285 So
540 3231 604 3285 de
640 3231 725 3286 off.
762 3231 798 3285 Ι.
841 3233 927 3297 26,
962 3235 1056 3285 90:
1116 3232 1178 3287 Ut
1212 3235 1463 3286 adversae

429 3318 531 3366 res,
554 3304 635 3353 sic
655 3301 918 3352 secundae
943 3302 1294 3354 immoderate
1314 3300 1465 3363 ferre

431 3370 663 3421 levitatis
698 3374 790 3422 eet.

499 3441 547 3491 6.
593 3440 752 3489 malie
785 3438 996 3502 alienis,
1034 3436 1152 3490 Abl.
1178 3453 1336 3502 caus„
1360 3439 1464 3491 wie

428 3507 492 3559 ad
519 3507 626 3559 Att.
649 3505 781 3559 XIV.
810 3508 891 3570 14,
916 3509 976 3559 4·
1002 3506 1266 3558 laetitiam
1291 3508 1461 3559 oeulis

428 3577 545 3641 cepi
563 3578 708 3625 iusto
726 3576 954 3626 interitu
974 3578 1213 3642 tyranni.
1256 3574 1457 3628 Jedoch

425 3643 496 3693 ist
541 3641 625 3693 bei
673 3657 861 3707 capere
903 3642 1260 3709 voluptatem,
1304 3644 1457 3695 laeti-

425 3712 576 3772 tiam,
609 3708 850 3771 fructum
874 3726 924 3762 u.
951 3726 996 3762 8.
1021 3710 1104 3763 die
1128 3710 1453 3780 Praposition

425 3795 497 3829 eoe
531 3777 624 3830 das
656 3776 1028 3844 regelmitsige.

499 3849 578 3902 10.
617 3847 964 3896 immanitate
982 3874 1048 3884 —
1062 3848 1447 3913 proponenda.

1568 2274 1756 2332 ‘durch
1803 2277 2127 2345 Vorhaltung
2178 2278 2268 2330 der
2318 2275 2462 2329 datin
2508 2276 2604 2329 lie-

1569 2347 1770 2470 {eaden
1796 2345 2305 2400 Umnenschlichkeit
2334 2345 2439 2398 und
2452 2344 2602 2397 Boh·

1606 2416 1678 2468 eit
1771 2443 1784 2456 .

1641 2486 1717 2538 13.
1751 2500 1918 2551 supra
1943 2483 2195 2548 dieamus,
2231 2496 2273 2535 8.
2309 2485 2358 2548 6,
2394 2485 2477 2545 14,
2514 2496 2602 2533 wo

1568 2566 1625 2604 es
1669 2553 1827 2617 hiess,
1880 2551 1995 2603 dass
2048 2552 2132 2603 ein
2181 2519 2605 2617 gegenwar'tiges

1565 2606 1700 2672 Ubel
1747 2620 1847 2672 den
1891 2618 2101 2672 Weisen
2150 2619 2404 2671 durchaus
2455 2617 2607 2669 nicht

1565 2686 1827 2740 affizieren
1839 2687 2032 2753 klinne,
2048 2687 2181 2753 (dats
2199 2703 2258 2740 88
2271 2686 2427 2739 daher
2442 2684 2602 2738 keine

1565 2755 1656 2808 der
1689 2757 1973 2821 aegritudo
2009 2755 2253 2835 parallele
2288 2757 2601 2807 constantia

1565 2824 1696 2890 gebe
1709 2827 1746 2889 ,)
1794 2839 2046 2891 wogegen
2082 2824 2164 2876 bei
2202 2824 2370 2876 einem
2405 2836 2601 2890 gegen-

1563 2894 1712 2945 wart.
1748 2892 1883 2945 Gute
1917 2893 2033 2945 dem
2057 2891 2266 2944 Weisen
2290 2907 2430 2943 zwar
2452 2890 2602 2943 nicht

1564 2961 1797 3024 laetitia,
1855 2961 1979 3013 aher
2027 2961 2295 3026 gaudium
2347 2964 2603 3026 gestattet

1561 3028 1633 3082 ist
1664 3035 1727 3094 (8.
1762 3030 1796 3096 ξ
1834 3030 1934 3095 13).

1635 3101 1718 3151 14.
1752 3113 2046 3164 numquam
2083 3110 2237 3162 posse
2271 3099 2398 3160 cet„
2447 3110 2488 3148 8.
2528 3110 2598 3146 zu

1563 3166 1599 3219 1.
1634 3169 1720 3232 48,
1760 3168 1886 3221 116:
1923 3183 2032 3218 non
2067 3161 2260 3224 defuit.

1637 3239 1716 3289 15.
1761 3235 2074 3289 Naevianus
2111 3235 2330 3297 Hector,
2377 3232 2479 3284 wie
2514 3228 2596 3283 111.

1565 3305 1648 3370 26,
1675 3306 1768 3357 62·
1786 3306 2118 3370 Agamemno
2138 3303 2463 3353 Homer-ima.
2498 3296 2599 3351 Die

1563 3343 1819 3437 Trage‘idie
1868 3372 1961 3424 des
1997 3370 2193 3422 Navius
2209 3369 2360 3421 -hiets
2394 3369 2602 3420 Hector

1561 3439 1929 3507 proficiscen&

1635 3510 1716 3561 16.
1742 3509 1941 3560 Laetus
1964 3512 2081 3573 cet.,
2105 3506 2234 3558 auch
2253 3505 2318 3558 ad
2337 3505 2457 3557 sam.
2476 3503 2598 3559 XV.

1567 3579 1678 3642 6,1
1718 3578 1902 3629 citiert.

1632 3649 1712 3699 17.
1748 3646 1895 3713 apud
1935 3643 2220 3709 Trabeam,
2256 3642 2423 3695 einem
2457 3639 2597 3692 Ko-

1556 3713 1778 3768 miker.
1836 3713 1937 3765 Der
1961 3711 2100 3764 Titel
2132 3711 2226 3764 des
2261 3709 2482 3763 Stuckes
2518 3710 2595 3761 ist

1555 3781 1871 3835 unbekannt.

1623 3851 1704 3902 20.
1738 3850 1926 3916 Fores,
1950 3865 1992 3904 8.
2014 3864 2077 3901 zu
2094 3847 2169 3901 111.
2191 3851 2275 3914 19,
2308 3849 2403 3899 44:
2422 3844 2596 3899 demi.

2652 1543 2709 1594 15
