2834 4317
350 485 428 541 26

453 325 622 379 motu
652 315 864 390 animi,
897 315 999 397 qui
1029 315 1115 377 uti
1144 315 1374 377 ratione
1406 334 1532 377 non
1563 324 1790 397 potest3
1834 333 1948 377 nos
1977 322 2193 387 autem,
2225 320 2292 374 ut
2319 314 2615 375 testificor

454 420 649 483 saepe,
680 402 751 463 de
782 401 1050 483 sapiente
1078 401 1436 480 quaerimus.

458 143 538 206 88
1224 141 1412 196 LIBER
1448 142 1532 198 w.
1569 144 1651 206 26,
1672 144 1754 197 56.
1776 145 1858 196 57.

620 489 695 548 At
738 487 896 549 enim
926 486 1207 549 aemulari
1235 486 1377 548 utile
1408 494 1529 558 est,
1584 484 1946 559 obtrectare,
1994 483 2276 545 misereri.
2341 483 2461 545 Cur
2493 485 2611 545 mi·

349 569 409 618 56
453 590 687 635 screare
730 572 929 652 potius
970 590 1149 651 quam
1192 573 1347 633 feras
1390 589 1601 651 opem,
1644 570 1694 632 si
1735 569 1792 631 id
1834 572 2028 631 facere
2070 566 2307 648 possis?
2352 588 2429 630 an
2473 570 2609 631 sine

345 1349 404 1401 57

448 657 854 721 misericordia
903 656 1177 718 liberales
1220 675 1347 719 esse
1378 675 1503 718 non
1534 653 1896 736 possumus?
1942 655 2076 716 Non
2109 655 2268 715 enim
2298 655 2609 734 suscipere
2655 664 2687 716 5

451 743 565 823 ipsi
594 742 993 822 aegritudines
1022 752 1271 821 propter
1299 742 1444 803 alios
1472 741 1786 814 debemuS,
1832 741 1937 802 sed
1966 740 2141 812 alios,
2185 739 2234 800 si
2264 758 2608 819 possumuS,

449 828 645 889 levare
666 827 1053 907 aegritudine.
1101 827 1452 889 Obtrectare
1484 843 1624 888 vero
1650 826 1820 887 alteri
1850 833 1952 886 aut
1980 825 2077 885 illa
2106 825 2311 887 vitiosa
2341 826 2606 887 aemula-

449 913 642 987 tione,
692 931 843 992 quae
885 911 1153 973 rivalitati
1195 910 1403 974 similis
1447 920 1564 986 est,
1608 911 1910 973 aemulari·
1934 909 2074 990 quid
2105 908 2283 971 habet
2311 910 2606 985 utilitatis,

449 1016 586 1059 cum
637 998 713 1059 sit
755 997 1104 1059 aemulantis
1148 997 1286 1077 angi
1337 997 1533 1058 alieno
1576 996 1771 1069 bono,
1827 996 1985 1075 quod
2032 995 2158 1075 ipse
2197 1014 2322 1056 non
2365 996 2603 1067 habeat,
2813 964 2817 1157 A

450 1081 838 1145 obtrectantis
861 1091 1057 1144 autem
1081 1083 1220 1162 angi
1243 1083 1436 1144 alieno
1462 1082 1643 1156 bono,
1676 1081 1836 1161 quod
1865 1080 1925 1141 id
1956 1080 2130 1141 etiam
2163 1081 2312 1142 alius
2340 1079 2602 1142 habeat?
2652 1090 2710 1142 10

452 1166 568 1238 Qui
599 1168 658 1228 id
689 1168 1005 1249 adprobari
1035 1169 1240 1247 possit,
1271 1167 1702 1247 aegritudinem
1733 1167 2039 1245 suscipere
2069 1184 2181 1245 pro
2212 1166 2601 1246 experientia,
2815 1162 2816 1169 '

448 1253 499 1314 si
544 1253 683 1332 quid
730 1253 949 1314 habere
978 1251 1164 1317 velis?
1217 1271 1356 1314 nam
1395 1253 1589 1314 solum
1618 1251 1840 1313 habere
1870 1251 2016 1312 velle
2046 1269 2273 1312 summa
2303 1252 2607 1313 dementia
2797 1202 2817 1407 Δ

447 1347 556 1400 est.
633 1338 1067 1400 Mediocritates
1118 1347 1314 1400 autem
1364 1339 1655 1400 malorum
1711 1336 1843 1416 quis
1884 1337 2122 1398 laudare
2165 1344 2326 1398 recte
2366 1335 2606 1417 possit?

450 1423 596 1494 Quis
639 1424 799 1484 enim
844 1431 1068 1504 potest,
1112 1424 1174 1485 in
1209 1441 1327 1503 quo
1357 1423 1540 1485 libido
1583 1423 1940 1503 cupiditasve
1969 1422 2063 1497 sit,
2095 1441 2216 1482 non
2248 1421 2605 1505 libidinosus

448 1517 508 1568 et
549 1508 799 1588 cupidus
851 1528 1010 1582 esse,
1053 1510 1117 1570 in
1151 1528 1269 1589 quo
1300 1509 1417 1583 ira,
1465 1528 1587 1570 non
1620 1507 1958 1582 iracunduS,
1991 1507 2053 1568 in
2087 1525 2205 1586 quo
2236 1525 2443 1586 angor,
2475 1527 2603 1569 non
2654 1516 2712 1567 15

447 1594 689 1668 anxius,
735 1594 798 1655 in
842 1613 962 1673 quo
997 1595 1207 1669 timor,
1253 1614 1375 1656 non
1405 1591 1692 1656 timidus?
1736 1592 2145 1654 Libidinosum
2176 1590 2356 1672 igitur
2387 1601 2447 1654 et
2476 1593 2599 1654 ira-

447 1680 708 1740 cundum
751 1688 812 1741 et
852 1680 1091 1744 anxium
1138 1688 1196 1740 et
1233 1680 1507 1741 timidum
1550 1697 1863 1740 censemus
1911 1696 2040 1739 esse
2090 1675 2464 1756 sapientem?
2524 1679 2599 1740 de
2814 1712 2816 1759 A

447 1764 618 1825 cuius
642 1764 990 1825 excellentia
1013 1765 1197 1826 multa
1219 1766 1459 1843 quidem
1482 1764 1597 1825 dici
1622 1764 1885 1844 quamvis
1906 1763 2038 1824 fuse
2061 1763 2291 1841 lateque
2323 1771 2598 1842 possunt,

446 1849 550 1909 sed
591 1840 932 1910 brevissime
974 1850 1073 1910 illo
1116 1851 1327 1924 modo,
1373 1850 1723 1929 sapientiam
1770 1868 1897 1911 esse
1942 1866 2144 1909 rerum
2174 1848 2508 1909 divinarum
2541 1859 2601 1910 et

444 1932 838 1994 humanarum
868 1933 1176 1995 scientiam
1207 1935 1762 2014 cognitionemque,
1796 1953 1946 2014 quae
1978 1933 2266 2012 cuiusque
2296 1932 2384 1995 rei
2414 1952 2593 1995 causa
2639 1944 2699 1996 20

446 2016 551 2092 sit;
599 2036 671 2078 ex
714 2035 832 2096 quo
864 2019 1118 2081 efficitur
1147 2028 1213 2080 ut
1243 2019 1436 2081 divina
1466 2020 1747 2093 imitetur,
1776 2019 2035 2081 humana
2081 2018 2280 2079 omnia
2308 2019 2631 2081 inferiora·

445 2103 659 2164 virtute
685 2103 876 2165 ducat.
923 2104 989 2165 In
1017 2106 1171 2166 hanc
1191 2113 1259 2165 tu
1280 2105 1483 2185 igitur,
1515 2113 1815 2184 tamquam
1838 2104 1899 2164 in
1927 2121 2109 2176 mare,
2140 2104 2299 2182 quod
2329 2113 2421 2165 est
2449 2122 2599 2165 ven-

446 2187 520 2250 tis
550 2188 901 2263 subiectum,
931 2190 1441 2270 perturbationem
1467 2189 1678 2250 cadere
1701 2189 1807 2250 tibi
1832 2189 2024 2250 dixisti
2048 2186 2277 2249 videri?
2307 2189 2464 2260 Quid
2492 2199 2600 2263 est,

445 2272 605 2351 quod
639 2282 862 2336 tantam
899 2275 1239 2354 gravitatem
1270 2274 1785 2353 constantiamque
1815 2272 2168 2353 perturbet?
2213 2274 2285 2334 ad
2313 2275 2599 2354 improvi-

442 2376 574 2419 sum
621 2359 838 2439 aliquid
879 2370 980 2422 aut
1021 2357 1451 2441 repentinum?
1494 2359 1650 2431 Quid
1690 2367 1888 2439 potest
1914 2358 2181 2420 accidere
2225 2360 2337 2421 tale
2371 2361 2457 2436 ei,
2503 2361 2601 2422 cui
2645 2371 2703 2422 25

443 2443 611 2520 nihil,
642 2447 803 2524 quod
830 2446 1056 2508 homini
1087 2446 1324 2507 evenire
1355 2445 1559 2524 possit,
1610 2464 1732 2508 non
1763 2442 2249 2525 praemeditatum
2276 2443 2396 2506 sit?
2448 2446 2600 2506 Nam

1569 2599 1697 2660 tung
1731 2593 1821 2647 der
1856 2593 2263 2660 Peripatetiker).

1642 2665 1723 2716 18.
1759 2666 2003 2728 quamvis
2023 2660 2159 2724 fuse,
2197 2664 2297 2714 wie
2321 2662 2357 2717 l.
2384 2665 2471 2727 21,
2502 2666 2598 2717 47:

1569 2734 1813 2797 quamvis
1847 2734 2072 2796 copiose.

442 2593 668 2647 reineren
694 2594 907 2658 Ki'inste,
932 2595 1113 2649 womit
1136 2596 1212 2648 sie
1247 2595 1330 2648 die
1353 2594 1467 2648 Lei-

441 2661 776 2715 denschasten
801 2664 1044 2731 aufregen
1067 2663 1169 2716 und
1189 2664 1464 2717 benutzen.

514 2730 651 2783 Utile
667 2736 746 2782 est
767 2735 925 2797 enim,
958 2732 1067 2784 scil.
1094 2736 1167 2793 εἰς
1194 2731 1286 2784 das
1309 2731 1464 2784 Pron.

438 2798 571 2849 wird
606 2800 730 2850 aber
762 2815 857 2851 nur
881 2800 1047 2851 selten
1081 2815 1175 2852 vor
1212 2799 1325 2852 dem
1352 2800 1464 2853 Rel.

440 2866 790 2931 ausgelassen,
827 2881 979 2918 wenn
1003 2881 1059 2918 es
1083 2868 1225 2919 nicht
1245 2868 1299 2918 in
1326 2866 1465 2919 dem-

441 2933 617 2985 selben
643 2933 803 2986 Casus
828 2934 965 2986 steht
986 2935 1089 2985 wie
1125 2933 1307 2988 dieses.
1344 2933 1463 3002 Vgl.

440 3000 499 3053 V.
525 3005 571 3065 7,
599 3003 692 3053 20:
730 3004 826 3067 qui
857 3003 1159 3057 invenisset.

507 3071 556 3122 3.
605 3070 894 3134 aemulari,
942 3071 1266 3138 obtrectare,
1313 3075 1467 3122 mise-

438 3139 581 3203 reri,
607 3152 648 3189 s.
689 3139 770 3202 20,
797 3139 879 3190 46.

434 3272 481 3325 Π
506 3208 558 3327 42.
582 3209 772 3327 pgt2ius
808 3222 969 3272 quam
1003 3208 1088 3272 (=
1124 3208 1285 3274 statt)‚
1321 3223 1361 3260 S.
1398 3223 1463 3260 zu

476 3310 490 3325 .
562 3277 610 3339 2,
705 3314 718 3328 .

505 3344 552 3398 8.
587 3343 883 3395 rivalitati:
929 3342 1462 3395 Nebenbuhlerschaft

433 3410 487 3462 in
523 3411 614 3464 der
647 3410 817 3477 Liebe,
852 3410 1156 3465 Eifersucht.

508 3482 588 3534 11.
661 3496 724 3532 ro
760 3471 1263 3546 experientia‘statt
1299 3479 1462 3532 selbst

435 3547 586 3599 einen
669 3548 853 3600 ersuch
889 3564 952 3599 zu
987 3541 1248 3601 machen'.

507 3616 587 3667 13.
620 3614 1018 3667 Mediocritates
1053 3615 1319 3667 malorum
1353 3609 1463 3681 ‘ge-

433 3681 674 3748 mfitsigte
696 3671 872 3746 Ubel',
894 3697 936 3736 s.
955 3699 1020 3735 zu
1045 3682 1122 3736 111.
1145 3686 1192 3748 5,
1216 3686 1292 3736 11.
1340 3682 1459 3749 Vgl.

436 3751 521 3814 20,
537 3751 630 3800 46:
667 3752 727 3800 in
751 3752 995 3801 omnibus
1019 3749 1138 3811 fere
1170 3753 1334 3802 rebus
1354 3766 1460 3802 me-

436 3816 771 3868 diocritatem
791 3833 900 3868 esse
921 3822 1192 3884 optumam
1206 3816 1461 3889 (Behaup7

1629 2802 1707 2852 19.
1725 2802 2047 2865 sapientiam
2073 2815 2181 2849 esse
2205 2802 2301 2851 cet.
2354 2797 2599 2853 Dieselbe
2720 2767 2727 2778 υ

1566 2866 1852 2934 Erkliirung
1887 2882 1929 2919 s.
1949 2866 2015 2918 V.
2043 2870 2090 2930 3,
2115 2870 2164 2919 7.

1635 2951 1820 2986 rerum
1872 2936 2183 2987 divinarum
2235 2939 2289 2984 et
2334 2936 2601 2986 humana-

1568 3019 1708 3057 rum.
1754 3004 1982 3056 Ersteres
2001 3003 2114 3055 sind
2127 3002 2488 3070 Gegenstiinde
2507 3002 2601 3056 der

1568 3070 1731 3124 Natur
1749 3071 1874 3123 oder
1892 3071 2208 3138 Wirkungen
2238 3070 2329 3122 der
2346 3070 2600 3140 Gottheig

1567 3138 1811 3192 letzteres
1830 3139 1913 3191 die
1924 3138 2273 3192 Verhfiltnisse
2292 3138 2395 3190 und
2404 3138 2598 3191 Pflich-

1560 3210 1655 3259 ‘ten
1680 3206 1769 3259 der
1787 3204 2082 3260 Menschen.
2142 3206 2255 3272 Vgl.
2275 3203 2340 3259 V.
2360 3210 2410 3272 3,
2431 3211 2459 3259 7
2485 3208 2597 3260 und

1567 3273 1811 3340 Origenes
1831 3291 1876 3326 c.
1897 3275 2028 3328 Cels.
2052 3274 2127 3328 111.
2146 3291 2196 3343 p.
2215 3277 2340 3329 154:
2362 3271 2397 3358 v}
2422 3279 2596 3343 σοφία

1565 3338 1835 3409 ἐπιστήμη
1869 3341 2054 3396 θείων
2088 3345 2204 3396 ἐστὶ
2238 3346 2331 3394 καὶ
2364 3342 2596 3414 ανθρω-

1562 3414 1748 3496 πξνων
1770 3411 2114 3483 πραγμάτων
2130 3414 2221 3462 καὶ
2238 3410 2357 3463 τῶν
2372 3411 2597 3464 τούτων

1566 3482 1777 3532 anim.

1633 3548 1715 3599 21.
1754 3545 1998 3608 efficitur
2029 3552 2105 3611 ut,
2142 3562 2184 3599 s,
2220 3562 2282 3599 zu
2317 3546 2353 3598 Ι.
2393 3549 2439 3613 8,
2468 3549 2550 3600 16.

1635 3615 1717 3667 26.
1739 3630 1851 3667 non
1872 3616 2327 3681 praemeditatum
2360 3618 2447 3679 sit,
2483 3616 2593 3681 vgl.

1561 3682 1637 3735 111.
1678 3684 1757 3746 14,
1794 3685 1886 3736 30:
1921 3699 2034 3735 non
2066 3686 2277 3734 evenire
2303 3698 2479 3749 posse.

1631 3749 1772 3802 Nam
1809 3752 1954 3818 quod
1988 3753 2161 3818 aiunt,
2196 3766 2239 3803 s.
2272 3753 2354 3817 20,
2379 3752 2471 3811 463
2508 3768 2593 3802 re-

1561 3824 1763 3871 secari:
1799 3818 2171 3886 besehrfinken,
2197 3819 2462 3885 einengen,
2487 3820 2592 3873 wie
