2834 4317
1015 175 1204 230 menn
1238 176 1311 230 111.
1349 180 1398 244 2,
1417 181 1467 232 4.
1502 179 1551 241 a,
1570 181 1618 232 5.
2350 182 2387 238 5

245 347 605 412 eminentem
647 346 901 427 effigiem
932 347 1192 423 virtutis,
1233 349 1335 410 sed
1368 348 1771 411 adumbratam
1803 348 2116 430 imaginem
2147 350 2391 431 gloriae.

245 432 349 500 Est
379 433 536 494 enim
569 432 754 511 gloria
784 432 969 494 solida
1001 433 1284 511 quaedam
1316 453 1411 495 res
1443 444 1501 495 et
1531 452 1827 513 expressa,
1860 454 1984 497 non
2015 435 2390 513 adumbrata;

244 531 313 578 ea
328 526 419 579 est
441 517 825 579 consentiens
835 518 964 579 laus
985 516 1304 591 bonorum,
1328 519 1672 598 incorrupta
1692 538 1805 581 vox
1827 519 1983 582 bene
2006 521 2391 583 iudicantium

244 603 316 664 de
338 602 650 679 excellenti
672 603 904 677 virtute,
928 620 997 663 ea
1007 602 1209 664 virtuti
1229 611 1470 665 resonat
1490 612 1790 683 tamquam
1815 605 2025 685 imago.
2062 606 2229 677 Quae
2252 606 2390 685 quia

170 696 199 747 5
243 697 403 749 recte
445 675 737 748 factorum
780 687 1133 767 plerumque
1163 706 1363 750 comes
1392 699 1514 762 est,
1559 707 1684 750 non
1717 698 1809 751 est
1835 689 2014 752 bonis
2041 689 2180 752 viris
2209 709 2391 770 repu-

244 773 474 834 dianda.
534 772 638 833 Illa
666 781 882 846 autem,
914 790 1066 851 quae
1097 791 1160 833 se
1191 773 1319 834 eius
1349 773 1723 836 imitatricem
1754 793 1883 837 esse
1912 775 2049 850 volt,
2077 775 2394 837 temeraria
2433 785 2466 835 4

243 866 418 936 atque
442 856 875 918 inconsiderata
900 867 958 918 et
981 857 1338 937 plerumque
1361 869 1743 938 peccatorum
1764 860 2160 939 vitiorumque
2188 860 2390 922 lauda-

242 943 388 1017 trix,
433 943 584 1003 fama
628 941 967 1022 populariS‚
1012 943 1386 1005 simulatione
1430 944 1755 1007 honestatis
1797 945 2049 1006 formam
2092 946 2220 1007 eius
2258 947 2393 1025 pul-

242 1027 762 1106 chritudinemque
812 1028 1157 1108 corrumpit.
1220 1028 1352 1099 Qua
1381 1030 1664 1090 caecitate
1695 1030 2003 1103 homines,
2043 1049 2182 1092 cum
2212 1049 2393 1109 quae-

145 1120 203 1173 10
235 1113 375 1173 ’dam
398 1113 572 1173 etiam
602 1112 902 1191 praeclara
925 1123 1218 1193 cuperent
1248 1133 1436 1193 eaque
1460 1114 1764 1177 nescirent
1784 1134 1896 1177 nec
1920 1115 2024 1177 ubi
2055 1134 2170 1177 nec
2200 1115 2395 1194 qualia

4 1226 16 1256 t
247 1206 464 1273 essent,
494 1197 762 1260 funditus
784 1197 879 1259 alii
902 1208 1247 1260 everterunt
1272 1217 1409 1261 suas
1440 1200 1720 1274 civitates,
1752 1200 1851 1261 alii
1880 1200 1994 1280 ipsi
2025 1194 2393 1262 occiderunt.
2454 1217 2469 1226 ‘

246 1284 436 1362 Atque
470 1283 529 1343 hi
563 1283 801 1362 quidem
832 1293 1073 1363 optuma
1107 1293 1380 1364 petentes
1411 1302 1535 1346 non
1566 1293 1683 1345 tam
1713 1284 2015 1346 voluntate
2047 1303 2223 1367 quam
2256 1303 2393 1346 cur-

244 1386 346 1429 sus
375 1384 586 1445 errore·
602 1367 907 1429 falluntur.
962 1367 1163 1440 Quid?
1193 1370 1296 1448 qui
1320 1370 1610 1449 pecuniae
1633 1370 1972 1449 cupiditate,
1996 1369 2101 1450 qui
2122 1370 2394 1449 volupta-
2517 1423 2524 1430 .

244 1462 370 1514 tum
393 1453 636 1514 libidine
659 1455 952 1528 feruntur,
983 1471 1360 1533 quorumque
1383 1455 1463 1516 ita
1483 1455 1914 1535 perturbantur
1940 1454 2140 1527 animi,
2170 1464 2238 1516 ut
2268 1474 2393 1516 non
2488 1473 2499 1482 ι

143 1546 201 1599 15
243 1539 496 1600 ιιιιιΙῑιιιιι
520 1538 716 1601 absint
743 1539 815 1600 ab
846 1539 1096 1612 insania,
1129 1541 1288 1618 quod
1318 1540 1740 1619 insipientibus
1770 1540 2065 1620 contingit
2093 1539 2390 1614 omnibuS‚

243 1623 335 1685 his
377 1624 619 1685 nullane
662 1633 751 1686 est
788 1624 1120 1686 adhibenda
1162 1623 1435 1686 curatio?
1479 1633 1680 1686 utrum
1720 1627 1877 1704 quod
1908 1625 2106 1687 minus
2137 1633 2395 1686 noceant

243 1708 423 1770 animi
457 1709 893 1787 aegrotationes
922 1727 1097 1789 quam
1125 1710 1416 1789 corporis,
1447 1728 1522 1772 an
1554 1711 1712 1789 quod
1744 1728 1997 1792 corpora
2027 1710 2222 1771 curari
2252 1728 2393 1788 pos·

243 1793 391 1868 sint,
437 1793 771 1855 animorum
815 1794 1108 1856 medicina
1148 1795 1309 1857 nulla
1340 1793 1459 1857 sit?
1517 1796 1594 1857 At
1623 1805 1683 1857 et
1710 1795 1903 1858 morbi
1933 1794 2396 1877 perniciosiores
2432 1769 2473 1901 ἓ

240 1960 355 1997 sam
375 1944 614 2011 effigiem
635 1947 855 1997 virtutis
878 1937 1157 1998 cet.‘nicht
1182 1946 1267 1997 ein
1370 1945 1554 1998 Klasse
1589 1947 1703 1998 eine
1735 1945 2137 2012 Beschriinltung
2171 1945 2265 1999 des
2299 1945 2397 1999 Be-

242 2013 469 2065 deutlich
506 2014 614 2066 sich
651 2011 979 2066 abhebendes
1014 2011 1267 2066 Ebenbild
1372 2012 1549 2081 griffes
1580 2017 1809 2066 caecitas
1844 2014 2023 2067 hinnu:
2054 2014 2262 2079 jedoch.
2325 2013 2396 2067 So

241 2081 333 2134 der
367 2079 445 2133 Tu
448 2082 608 2147 g‚end
649 2081 869 2134 sondern
906 2096 1002 2134 nur
1036 2082 1118 2133 ein
1156 2084 1268 2147 (un-
1373 2082 1504 2133 auch
1525 2080 1612 2135 IV.
1640 2085 1721 2146 31,
1746 2084 1839 2135 66:
1875 2085 2050 2149 Atque
2077 2088 2198 2133 erat
2215 2080 2399 2143 facile.

277 2152 485 2231 enaues)
511 2148 868 2202 Schattenbild
892 2149 984 2202 des
1018 2149 1268 2215 (wahren)
1371 2149 1447 2201 Zu
1472 2165 1659 2201 cursus
1681 2167 1864 2202 errore
1888 2150 2222 2215 (irrtumliche
2246 2148 2399 2202 Rich-

287 2209 477 2271 uhms'.
546 2203 767 2269 Khnlich
811 2232 862 2284 p.
900 2217 1036 2273 Cael.
1074 2221 1136 2281 5,
1175 2220 1267 2271 12·
1374 2222 1522 2284 tung)
1533 2218 1638 2284 vgl.
1658 2221 1706 2283 5,
1727 2222 1816 2273 11:
1836 2219 2256 2270 mediocritatem
2276 2217 2400 2282 offi-

240 2286 525 2337 Habuit—
539 2289 904 2338 maximarum
922 2302 1033 2338 non
1056 2302 1269 2352 eoepree-
1373 2290 1596 2337 ciorum.

240 2370 302 2406 sa
325 2358 499 2419 sr‘gna,
528 2355 623 2405 sed
643 2354 963 2406 adumbrata
987 2357 1267 2406 virtutum.
1443 2357 1522 2407 14.
1547 2351 1818 2417 feruntur,
1843 2353 1942 2404 wie
1969 2357 2015 2415 5,
2040 2356 2128 2414 11;
2155 2367 2199 2405 s.
2222 2369 2267 2404 z.
2292 2353 2326 2419 ξ
2346 2354 2397 2406 3.

313 2424 360 2476 2.
371 2422 471 2474 Est
492 2426 632 2473 enim
645 2422 832 2488 gloria
852 2425 948 2475 cet.
987 2421 1083 2474 Der
1102 2421 1269 2475 Nach·
1434 2424 1511 2474 15.
1533 2423 1678 2487 quod
1688 2450 1753 2459 -—
1768 2422 2026 2485 omnibus,
2046 2421 2127 2472 ein
2147 2420 2402 2473 stoischer

243 2489 406 2543 druck
431 2490 557 2558 liegt
579 2489 671 2543 auf
690 2490 807 2543 dem
831 2491 1270 2556 vorangestellten
1369 2488 1742 2557 Gemeinplatz,
1778 2488 2000 2541 welcher
2023 2503 2088 2540 au
2128 2489 2270 2541 einer
2304 2504 2400 2541 un-

243 2564 348 2610 est:
360 2550 560 2611 “Denn
546 2573 600 2609 ιιι
620 2557 887 2611 Wahrheit
907 2559 977 2610 ist
994 2557 1084 2610 der
1101 2557 1267 2611 Ruhm
1369 2557 1623 2624 richtigen
1648 2556 1808 2609 Stelle
1834 2555 1989 2622 steht,
2020 2556 2143 2608 weil
2167 2555 2257 2608 der
2280 2571 2398 2608 vor-

245 2630 410 2679 etwas
428 2626 748 2693 Gediegenes
767 2626 870 2678 und
892 2641 1060 2693 genau
1074 2626 1270 2693 Ausge-
1371 2625 1696 2691 hergehende
1716 2624 2003 2691 Gegensatz
2023 2624 2117 2676 das
2134 2640 2245 2676 non
2262 2624 2399 2675 mub-

243 2696 453 2761 pragtes
478 2694 600 2760 (wie
625 2695 709 2747 ein
732 2693 893 2747 Werlt
917 2693 1010 2747 der
1031 2692 1268 2777 Plastik),
1372 2698 1485 2744 tum
1521 2695 1697 2745 abesse
1719 2695 1785 2745 ab
1819 2695 2037 2743 insania
2072 2707 2168 2744 nur
2202 2691 2294 2745 auf
2315 2692 2398 2744 die

243 2762 388 2814 nieht
424 2762 508 2814 ein
546 2763 736 2815 blosser
773 2754 1158 2816 Schattenril’s'.
1375 2760 1568 2813 zuletzt
1615 2761 1875 2813 erwfihnte
1910 2759 2092 2812 Klasse
2140 2760 2230 2813 der
2272 2763 2405 2811 imi-

312 2834 361 2885 4.
396 2833 577 2896 imago
614 2831 729 2897 (mit
775 2830 877 2883 und
924 2832 1058 2883 ohne
1093 2834 1274 2896 vocis),
1369 2833 1577 2896 pientes
1593 2829 1993 2882 beziehenlal'st.
2042 2826 2191 2880 ludes
2208 2828 2279 2881 ist
2296 2828 2402 2881 Cic.

246 2898 336 2951 der
351 2899 560 2986 cigentl.
582 2897 1166 2951 lateinischeAusdruclt
1191 2898 1273 2951 fur
1374 2898 1429 2948 in
1464 2897 1567 2960 der
1589 2897 1918 2962 Aussfihrung
1954 2895 2406 2978 philosophischer

240 2961 450 3020 ‘'.Echo
504 2966 620 3019 Hor.
649 2967 810 3018 Germ.
834 2967 870 3018 1.
898 2969 981 3032 20,
1007 2968 1063 3019 6:
1091 2969 1273 3019 iocosa
1375 2949 1613 3018 Formeln
1632 2966 1806 3017 nicht
1791 2978 1971 3016 immet
1989 2965 2275 3030 vorsichtig
2299 2963 2405 3017 und

250 3035 505 3088 Vaticani
537 3039 734 3087 montis
767 3038 968 3100 imago.
1375 3034 1507 3085 wird
1531 3033 1692 3086 δήετε
1721 3033 1879 3085 durch
1914 3032 1995 3084 ein
2033 3032 2229 3085 blosses
2254 3031 2404 3084 Wort

177 3165 182 3172 ,
317 3106 365 3156 5.
382 3119 570 3168 comes,
591 3103 838 3169 vgl.1.45‚
860 3105 987 3157 109.
1001 3103 1272 3168 gloria—
1375 3100 1506 3153 dazu
1540 3101 1836 3154 vernularst.
1861 3130 1926 3140 -
1960 3086 2100 3153 Uber
2135 3102 2429 3166 contingit

247 3173 496 3223 virtulem
515 3175 787 3255 tamquam
804 3173 997 3222 umbra
1014 3174 1272 3237 sequitur.
1378 3185 1417 3222 s,
1456 3185 1499 3222 z.
1538 3169 1683 3233 ιλιι,
1724 3172 1802 3223 15.

319 3243 396 3293 10
411 3254 578 3319 eaque
588 3233 764 3293 ‘flaber
789 3237 1274 3292 DerLateinerreiht
1450 3240 1530 3291 18.
1558 3242 1610 3288 et
1642 3252 1735 3289 vor
1769 3238 1961 3300 morbi,
1996 3236 2244 3303 particula
2281 3250 2406 3301 pen-

245 3307 379 3359 naeh
406 3308 546 3359 einer
571 3305 825 3373 Negation
861 3306 958 3358 den
985 3305 1273 3372 Gegensatz
1376 3304 1520 3358 dens·
1582 3304 1757 3357 Cicero
1782 3304 1963 3357 wollte
1998 3304 2092 3355 mit
2118 3303 2293 3367 Bezug
2315 3302 2409 3354 auf

247 3374 326 3427 oft
348 3391 445 3428 nur
468 3374 670 3427 einfach
694 3390 784 3436 am
809 3375 913 3441 vgl.
939 3374 1003 3427 de
1028 3390 1100 3428 or.
1127 3374 1161 3426 l.
1189 3377 1273 3439 28,
1375 3373 1468 3424 das
1516 3387 1977 3439 vorangegangene
2022 3377 2207 3423 amm
2238 3399 2303 3409 -
2331 3384 2406 3421 an

249 3445 375 3497 126·
413 3459 525 3494 non
544 3445 931 3509 patiebatur—
953 3442 1274 3494 dimittebat·
1376 3455 1559 3506 sagen.
1597 3445 1652 3491 et
1680 3442 1939 3492 morbi—
1872 3454 2119 3505 -quam
2144 3440 2404 3503 corporis,

250 3527 377 3577 que:
417 3510 655 3564 sondern.
1376 3514 1430 3559 et
1460 3509 1726 3560 medicina
1764 3511 1964 3560 certior
1996 3512 2078 3558 est
2095 3507 2407 3558 morborum

316 3595 455 3631 nese.
490 3594 806 3643 nec—nec,
841 3592 883 3630 s.
921 3576 1037 3630 z.1.
1071 3579 1154 3641 23,
1179 3579 1271 3630 53:
1381 3580 1554 3627 animi
1586 3592 1747 3644 quam
1790 3577 2059 3642 corporis,
2100 3574 2234 3627 sahrt
2268 3574 2408 3638 aber,

255 3663 550 3714 numquam
573 3664 640 3698 ne
660 3646 979 3712 —quidem
1380 3644 1512 3697 nach
1560 3644 1650 3697 der
1697 3644 1913 3697 weitern
1948 3641 2279 3708 Ausfiihrung
2314 3642 2408 3694 des

322 3717 401 3769 12.
426 3716 605 3781 Atque
641 3716 700 3766 1ιί
733 3715 946 3781 quidem
981 3713 1095 3780 stifft
1128 3718 1281 3766 unter
1381 3719 1551 3765 ersten
1576 3711 1826 3777 Punktes,
1859 3710 2255 3763 anakoluthisch
2280 3710 2407 3763 fort.

247 3781 340 3834 der
386 3781 538 3836 Form
593 3783 733 3835 einer
786 3782 1008 3835 niheren
1054 3781 1278 3833 Charak-
1384 3781 1492 3844 Qui
1515 3796 1642 3832 vero
1675 3784 1775 3833 cet.
1831 3778 1948 3845 Vgl.
1987 3781 2071 3842 26,
2106 3781 2197 3832 63:
2233 3783 2286 3829 et
2307 3778 2410 3828 Ae·

249 3850 556 3918 terisierung
610 3851 700 3903 der
750 3851 937 3903 vorher
984 3855 1277 3918 genennten
1378 3850 1610 3909 schino-⁸3
1645 3847 1728 3900 lv,
1765 3848 1847 3911 35,
1885 3848 1978 3899 74:
2015 3851 2071 3897 et
2102 3846 2254 3898 illud.
