2834 4317
312 356 389 411 22

315 1042 362 1091 51

411 178 494 237 60

1183 176 1371 228 uena
1405 175 1442 233 1.
1482 178 1564 242 22,
1602 179 1683 229 50.
1724 177 1808 228 51.

586 350 700 410 Sed
733 348 973 429 plurimi
1007 357 1214 409 contra
1247 349 1524 410 nituntur
1545 347 1896 426 animosque
1922 345 2086 426 quasi
2113 346 2304 425 capite
2336 348 2580 409 damna-

309 447 366 495 50
412 445 504 498 tos
533 442 725 496 morte
756 435 1026 508 multant,
1073 453 1267 513 neque
1311 433 1467 495 aliud
1500 442 1591 495 est
1622 433 1939 512 quicquam
1971 449 2081 492 cur
2110 431 2476 494 incredibilis
2508 434 2581 495 iis

410 522 748 582 animorum
771 519 1038 581 videatur
1068 519 1408 593 aeternitaS‚
1440 518 1554 580 nisi
1585 517 1745 597 quod
1778 526 2090 595 nequeunt
2120 517 2310 595 qualis
2339 518 2577 580 animus

411 608 487 669 sit
542 625 757 667 vacans
817 622 1069 684 corpore
1128 603 1474 684 intellegere
1529 614 1587 664 et
1643 603 2000 681 cogitatione
2046 603 2575 683 comprehendere.

415 692 595 764 Quasi
626 709 764 751 vero
799 689 1149 769 intellegant
1179 689 1369 769 qualis
1398 690 1474 751 sit
1505 689 1565 750 in
1598 689 1725 770 ipso
1760 705 2033 767 corpore,
2066 706 2218 766 quae
2236 690 2580 750 conforma·
2628 702 2658 751 5

382 831 386 836 ,
413 778 517 852 tio,
566 795 715 855 quae
746 776 1112 854 magnitudo,
1160 775 1260 854 qui
1305 775 1471 835 locus

283 837 381 906 *s
415 863 544 922 vivo
572 861 737 922 cerni
769 861 988 935 omnia,
1014 879 1167 939 quae
1198 878 1365 921 nunc
1388 868 1483 922 tec
1512 878 1546 920 a
1567 867 1728 933 sunt,
1753 877 2079 920 casurusne
2102 858 2163 919 in
2187 868 2580 939 conspectum

1555 774 1649 848 Et,
1697 774 1746 835 si
1788 773 1903 834 iam
1947 782 2196 853 possent
2240 773 2303 834 in
2332 774 2579 835 homine

1821 925 2024 949 ψ’

414 946 682 1007 videatur
725 946 976 1019 an'mus‚
1025 965 1099 1007 an
1146 954 1310 1007 tanta
1353 946 1431 1007 sit
1474 945 1602 1006 eius
1636 944 2059 1020 tenuitasyut
2115 944 2300 1022 fugiat
2343 942 2580 1006 aciem?

864 1022 871 1030 v·

415 1032 575 1092 Haec
602 1015 783 1112 ffi‘put

932 1031 1049 1104 isti,
1097 1032 1198 1110 qui
1232 1041 1456 1111 negant
1499 1030 1761 1091 animum
1793 1029 1921 1091 sine
1968 1047 2220 1109 corpore
2251 1048 2315 1090 se
2344 1030 2578 1091 intelle-

420 1135 562 1197 gere
604 1135 810 1197 posse:
870 1115 1158 1177 videbunt
1215 1135 1391 1197 quem
1438 1118 1498 1177 in
1546 1116 1677 1195 ipso
1722 1133 1976 1194 corpore
2005 1114 2370 1193 intellegant.
2440 1116 2583 1176 Mihi

420 1201 656 1282 quidem
705 1210 977 1263 naturam
1023 1202 1204 1263 animi
1250 1202 1508 1263 intuenti
1553 1201 1738 1261 multo
1785 1199 2081 1260 difficilior
2125 1201 2389 1261 occurrit
2416 1200 2581 1279 cogi-

418 1288 582 1361 tatio,
627 1287 814 1347 multo
863 1287 1194 1361 obscurior,
1242 1287 1433 1366 qualis
1476 1286 1713 1347 animus
1756 1286 1817 1345 in
1865 1303 2119 1364 corpore
2164 1286 2239 1345 sit
2280 1293 2581 1364 tamquam

421 1372 648 1433 alienae
695 1372 920 1448 domui,
950 1391 1128 1452 quam
1162 1373 1372 1451 qualis,
1422 1390 1555 1434 cum
1605 1371 1812 1432 exierit
1857 1378 1916 1431 et
1958 1371 2018 1431 in
2063 1369 2315 1431 liberum
2347 1371 2581 1432 caelum

423 1459 589 1537 quasi
620 1458 857 1519 domum
891 1476 1056 1519 suam
1086 1460 1336 1520 venerit.
1396 1458 1520 1519 Nisi
1553 1457 1732 1530 enim,
1764 1456 1920 1536 quod
1954 1474 2278 1535 numquam
2307 1456 2579 1530 vidimuS‚

422 1542 481 1603 id
513 1543 686 1621 quale
730 1543 807 1603 sit
849 1543 1195 1622 intellegere
1242 1563 1364 1604 non
1413 1560 1749 1621 possumuS‚
1796 1548 1956 1602 certe
2001 1550 2061 1602 et
2090 1541 2265 1603 deum
2298 1541 2490 1622 ipsum
2522 1550 2584 1603 et

423 1628 686 1689 divinum
717 1628 978 1688 animum
1013 1646 1264 1706 corpore
1295 1627 1610 1688 liberatum
1644 1625 2003 1705 cogitatione
2024 1626 2338 1706 complecti
2368 1646 2582 1706 possu-
2651 1693 2654 1696 ,

425 1894 481 1931 er
538 1877 926 1944 durchdrungen
991 1893 1125 1943 war,
1196 1879 1277 1929 [fir
1337 1877 1456 1930 sehr

427 1946 639 2012 wichtig
675 1946 820 1998 hielt.

492 2015 746 2065 videatur
793 2013 907 2065 dass
970 2030 1087 2066 man
1141 2013 1275 2065 sieht
1329 2012 1455 2064 oder

426 2082 670 2135 erkennt:
734 2082 838 2147 vgl.
886 2081 950 2134 de
999 2082 1085 2135 off.
1119 2079 1156 2133 1.
1193 2083 1287 2147 33,
1329 2082 1453 2133 1212

429 2151 762 2202 Commutato
822 2155 1002 2201 autem
1055 2165 1254 2215 genere
1309 2152 1455 2199 vitae

428 2220 575 2270 amm·
608 2220 821 2268 ratione
857 2219 1158 2269 curandum
1194 2222 1273 2267 eet
1303 2222 1368 2268 ut
1391 2217 1453 2268 id

428 2289 565 2338 bono
600 2287 826 2338 consilio
861 2285 1052 2347 fecisse
1087 2286 1384 2338 videamur.

468 2382 473 2386 ⁴
500 2359 544 2408 1.
623 2358 748 2406 aasz·
781 2381 838 2393 —-
869 2356 1121 2408 multant.
1181 2353 1275 2405 Ein
1301 2355 1456 2406 romi-

427 2424 574 2476 scher
638 2427 790 2489 urget
813 2423 1009 2475 konnte
1036 2423 1178 2475 nicht
1198 2423 1320 2474 eber
1342 2423 1457 2473 hin-

428 2492 683 2557 gerichtet
717 2492 926 2543 werden
963 2495 1156 2557 (morte
1189 2491 1452 2554 multari),

429 2560 508 2612 bis
533 2576 588 2612 er
613 2562 789 2626 eapite
812 2563 966 2626 (-—is)
985 2561 1291 2621 damnatus,
1328 2557 1380 2614 d.
1404 2559 1454 2613 h.

430 2629 591 2680 durch
628 2628 990 2694 gerichtliches
1015 2627 1326 2680 Erkenntnis
1362 2627 1456 2680 der

429 2695 670 2759 Freiheit,
696 2695 787 2747 des
816 2695 1030 2761 Bfirger-
1055 2697 1158 2748 und
1184 2696 1458 2748 Familien-

428 2763 633 2815 rechtes
667 2764 922 2829 verlustig
956 2764 1149 2816 erklart
1184 2779 1307 2817 war.

500 2834 546 2883 5.
602 2830 771 2894 Quasi
803 2847 931 2882 vero
967 2833 1312 2896 intellegant,
1356 2831 1458 2883 iro-

429 2897 576 2950 nisch
621 2912 687 2948 an
737 2897 828 2949 das
865 2897 1299 2964 Vorhergehende
1346 2900 1458 2951 sich

430 2965 825 3031 anschliessend‚
862 2967 962 3018 wie
999 2969 1080 3030 35,
1124 2968 1188 3019 85
1226 2983 1279 3018 u.
1318 2971 1367 3021 ὃ.

499 3036 546 3086 6.
598 3036 650 3084 si
693 3037 800 3086 iam
862 3049 1015 3087 wenn
1062 3035 1196 3087 denn
1254 3036 1460 3100 einmal,

431 3117 584 3154 wenn
623 3102 881 3162 wirklich;
918 3102 1024 3168 vgl.
1060 3103 1145 3157 IV.
1171 3105 1254 3167 31,
1278 3106 1361 3156 65.

502 3174 548 3223 7.
613 3168 709 3221 Mit
763 3186 1055 3222 casurusne
1109 3172 1322 3238 beginnt
1373 3170 1458 3224 die

432 3238 631 3292 direkte
657 3238 1017 3305 Doppelsrage‚
1052 3239 1104 3290 in
1130 3240 1355 3292 welcher
1391 3244 1457 3291 st.

432 3307 524 3360 des
546 3307 654 3361 Ind.
691 3308 781 3359 der
812 3308 1099 3373 potentiale
1124 3308 1275 3373 Konj.
1301 3309 1458 3362 steht.

431 3375 532 3428 Das
545 3376 775 3428 Verbum
811 3375 1062 3427 videatur
1096 3377 1181 3439 (==
1209 3376 1348 3427 wohl
1373 3377 1459 3430 od.

433 3448 589 3509 etwa)
633 3444 776 3496 dient
821 3458 915 3495 nur
959 3443 1115 3507 dazu,
1161 3444 1251 3495 der
1298 3444 1460 3511 Frage

433 3512 533 3564 den
569 3512 848 3564 Charakter
892 3512 1144 3577 grosserer
1184 3511 1458 3565 Unsicher·

435 3579 542 3632 heit
584 3595 645 3630 zu
681 3579 968 3643 verleihen,
1018 3580 1121 3632 und
1169 3597 1242 3631 an
1288 3581 1359 3632 ist

434 3647 538 3700 und
574 3647 716 3698 nicht
749 3648 1014 3699 vielmehr.

503 3718 553 3770 9.
577 3716 721 3766 Haeo
736 3720 986 3782 reputent
1002 3718 1095 3766 isti
1104 3744 1164 3753 -—
1180 3716 1459 3778 videbunt3

435 3800 476 3838 s.
506 3786 586 3849 13,
605 3786 672 3836 30
709 3800 772 3834 zu
814 3783 958 3835 Tolle
980 3813 1059 3831 .—
1094 3785 1392 3836 sustuleris.

501 3856 618 3905 sine
662 3868 888 3920 corpore
931 3855 1057 3905 statt
1100 3852 1242 3906 eines
1290 3856 1463 3919 negat.

1558 1876 1855 1942 Adjektivs,
1889 1877 1990 1928 wie
2026 1877 2082 1930 11.
2122 1882 2170 1942 3,
2207 1882 2262 1930 72
2308 1878 2587 1930 lectionem

1556 1949 1671 1996 sine
1720 1945 1835 1996 ulla
1890 1947 2240 1997 delectatione
2304 1947 2386 1998 die
2431 1963 2586 1998 uner-

1558 2012 1849 2081 quickliche
1892 2012 2134 2074 Lektfire;
2173 2013 2255 2067 IV.
2279 2017 2434 2079 6‚13:
2467 2018 2590 2066 sine

1555 2086 1769 2133 ratione
1802 2084 1973 2132 animi
2006 2081 2289 2132 elationem
2342 2084 2457 2136 eine
2494 2100 2589 2135 un-

1556 2149 1884 2215 verniinftige
1909 2148 2185 2214 Erhebung
2227 2150 2318 2201 des
2345 2149 2589 2213 Gemfits;

1557 2217 1617 2270 V.
1633 2221 1711 2281 16,
1727 2219 1821 2270 48:
1856 2220 1945 2268 vir
1970 2221 2295 2282 temperatus
2318 2224 2593 2282 constans,

1559 2289 1674 2337 sine
1716 2291 1879 2337 metu.
1949 2285 2152 2336 Ebenso
2205 2285 2296 2338 das
2343 2285 2591 2352 folgende

1559 2357 1620 2406 in
1656 2358 1771 2420 ipso
1808 2370 2049 2419 corpore.

1632 2425 1712 2477 13.
1754 2423 1952 2474 domui.
2012 2420 2163 2474 Diese
2195 2421 2590 2487 altertfimliche,

1560 2492 1692 2543 auch
1757 2490 1915 2542 durch
1972 2489 2273 2542 Inschriften
2332 2491 2589 2558 bezeugte

1559 2559 1708 2611 Form
1735 2559 1825 2610 des
1850 2557 2111 2622 Lokativ8‚
2146 2562 2273 2610 statt
2296 2558 2388 2611 des
2412 2561 2590 2626 sp‘ater

1560 2627 1953 2694 gewohnlichen
1970 2628 2129 2688 domi,
2140 2625 2303 2679 findet
2320 2627 2431 2678 sich
2452 2628 2585 2679 noch

1561 2711 1624 2746 an
1644 2695 1904 2746 mehreren
1917 2695 2140 2746 anderen
2156 2694 2350 2747 Stellen
2364 2696 2415 2747 Gi
2423 2711 2587 2760 ceros»,

1560 2780 1604 2815 z.
1624 2762 1683 2815 B.
1708 2779 1758 2830 p.
1783 2761 1891 2815 Mil.
1918 2766 1965 2825 7,
1995 2765 2081 2823 16;
2109 2762 2171 2814 de
2198 2763 2282 2815 off.
2306 2762 2383 2815 111.
2410 2766 2492 2827 26,
2520 2767 2588 2818 99

1561 2848 1609 2883 u.
1630 2835 1678 2883 ὃ.
1735 2831 1881 2883 Auch
1918 2831 2128 2882 alienae
2162 2831 2232 2883 ist
2268 2832 2345 2884 als
2369 2832 2588 2883 Lokativ

1562 2915 1624 2951 zu
1661 2899 1851 2964 fassen,
1890 2898 2197 2951 entstanden
2235 2915 2326 2951 aus
2362 2900 2587 2963 alienat,

1562 2968 1663 3019 wie
1702 2967 1962 3018 Graeciae
1996 2972 2127 3019 statt
2158 2970 2220 3018 in
2258 2967 2485 3019 Graecia
2523 2968 2589 3020 de

1561 3051 1667 3103 rep.
1687 3035 1765 3087 111.
1785 3037 1834 3099 9,
1859 3039 1943 3088 14:
1985 3034 2241 3087 Graeciae
2273 3040 2415 3088 sieut
2441 3039 2592 3103 apud

1558 3120 1658 3154 nos
1704 3104 1926 3155 delubra
1976 3105 2226 3155 humanis
2273 3110 2587 3156 consecrata

1559 3172 1885 3225 Sintulaeris.

1630 3243 1710 3292 14.
1748 3239 1874 3293 Nisi
1907 3242 2048 3290 enim
2084 3243 2182 3292 cet.
2237 3239 2437 3292 Positiv
2473 3256 2590 3293 aus-

1561 3308 1812 3373 gedriickt
1830 3308 1899 3359 ist
1924 3308 2016 3359 der
2032 3307 2275 3360 Gedanke
2295 3308 2588 3374 folgender:

1563 3377 1626 3428 Si
1661 3377 1784 3429 oder
1808 3376 2075 3440 Quoniam
2100 3380 2242 3427 enim
2276 3404 2347 3413 -—-
2380 3376 2591 3427 intelle-

1557 3460 1690 3510 gere
1738 3449 1914 3495 tamen
1957 3460 2265 3510 possumus,
2314 3448 2454 3496 certe
2489 3449 2593 3498 cet.

1563 3512 1655 3564 Die
1683 3511 1859 3564 Worte
1895 3518 1947 3563 et
1983 3513 2139 3563 deum
2174 3516 2348 3579 ipsum
2385 3518 2438 3563 et
2472 3513 2592 3564 sind

1561 3581 1639 3625 ..2‘
1665 3583 1808 3631 sieut
1841 3581 2000 3632 deum
2034 3584 2227 3646 ipsum.
2293 3581 2346 3634 S.
2383 3581 2430 3632 d.
2468 3581 2589 3633 krit.

1562 3649 1795 3715 Anhang.

1635 3721 1716 3771 16.
1762 3717 2003 3768 divinum
2040 3720 2309 3780 animum,
2343 3717 2464 3768 weil
2502 3716 2596 3769 der

1564 3785 1910 3837 menschliche
1944 3784 2089 3836 Geist
2124 3785 2205 3837 ein
2232 3785 2462 3837 Ausssuss
2500 3784 2598 3838 des

1568 3853 1850 3920 gottlichen
1890 3853 1977 3905 ist.

2633 1126 2697 1176 10
