2834 4317
402 175 439 232 6
1271 173 1459 227 meua
1494 173 1573 228 111.
1610 177 1658 241 a,
1677 178 1725 228 6.

400 350 721 429 pluresque
742 353 885 408 sunt
907 345 1090 407 animi
1114 364 1290 425 quam
1315 346 1605 426 corporis.
1659 347 1788 408 Hoc
1817 347 1977 408 enim
2009 348 2137 428 ipso
2171 350 2359 411 odiosi
2387 360 2553 426 sunt,

384 434 563 513 quod
593 433 663 492 ad
693 432 957 492 animum
989 431 1296 512 pertinent
1326 449 1582 511 eumque
1614 432 1961 507 sollicitant,
2002 438 2340 516 animusque
2366 453 2551 516 aeyer,

391 528 468 580 ut
490 519 571 579 ait
593 517 846 591 Ennius,
883 535 1102 597 semper
1131 526 1305 588 errat,
1328 535 1507 598 neque
1523 521 1656 598 pati
1674 537 1853 598 neque
1868 522 2095 599 perpete·
2114 529 2309 599 potest,
2347 539 2553 602 cupere

398 621 720 685 numquam
764 603 988 663 desinit.
1079 601 1309 672 Quibus
1369 601 1605 663 duobus
1648 603 1901 677 morbiS,
1962 612 2030 664 ut
2073 605 2340 665 omittam
2385 607 2549 679 alios,

401 687 769 768 aegritudine
811 695 871 747 et
911 686 1262 767 cupiditate,
1307 686 1408 765 qui
1451 688 1689 748 tandem
1731 696 1986 768 possunt
2026 688 2088 749 in
2134 706 2387 770 corpore
2419 709 2551 753 esse

400 769 741 853 graviores?
793 771 908 855 Qui
937 791 1078 832 vero
1109 772 1349 852 probari
1379 780 1612 851 potest,
1653 783 1721 832 ut
1748 772 1858 834 sibi
1890 773 2114 834 mederi
2159 775 2393 837 animus
2424 794 2548 837 non

399 859 607 938 possit,
638 874 773 918 cum
797 856 984 938 ipsam
1008 857 1359 918 medicinam
1383 858 1659 937 corporis
1688 859 1919 919 animus
1948 859 2261 935 invenerit,
2294 878 2551 940 cumque

401 944 475 1004 ad
521 960 841 1023 corporum
887 941 1255 1004 sanationem
1299 942 1549 1003 multum
1596 943 1724 1023 ipsa
1755 961 2004 1023 corpora
2036 951 2096 1004 et
2128 954 2335 1005 natura
2366 945 2552 1007 valeat

400 1047 513 1090 nec
537 1035 762 1101 omnes,
787 1027 889 1105 qui
912 1027 1107 1088 curari
1137 1047 1200 1088 se
1230 1028 1389 1108 passi
1419 1028 1559 1101 sint,
1591 1029 1878 1089 continuo
1910 1029 2082 1089 etiam
2115 1030 2547 1105 convalescant,

399 1113 581 1174 animi
625 1121 853 1185 autem,
898 1113 999 1191 qui
1042 1131 1106 1174 se
1151 1113 1343 1174 sanari
1389 1113 1688 1174 voluerint
1715 1114 2164 1193 praeceptisque
2194 1114 2550 1195 sapientium

399 1198 737 1278 paruerint,
777 1198 906 1258 sine
950 1197 1068 1258 ulla
1117 1197 1485 1259 dubitatione
1530 1195 1859 1259 sanentur?
1918 1198 2025 1260 Est
2067 1201 2339 1280 profecto
2369 1201 2551 1262 animi

397 1284 711 1358 medicina,
743 1279 1137 1367 philosophia,
1169 1283 1338 1344 cuius
1361 1282 1639 1344 auxilium
1668 1302 1812 1356 non,
1836 1285 1987 1345 utin
2014 1285 2285 1364 corporis
2305 1286 2549 1359 morbiS,

398 1368 721 1450 petendum
756 1375 846 1429 est
873 1367 1050 1442 foris,
1098 1368 1496 1448 omnibusque
1528 1368 1741 1449 opibus
1771 1368 2028 1442 viribus,
2073 1379 2141 1430 ut
2172 1379 2408 1432 nosmet
2435 1371 2551 1452 ipsi

398 1454 573 1516 nobis
595 1453 818 1514 mederi
841 1454 1155 1532 possimus
1182 1453 1606 1514 elaborandum
1632 1462 1740 1515 est.
1786 1453 2155 1533 Quamquam
2181 1456 2253 1516 de
2277 1456 2547 1518 universa

317 1561 320 1565 ’
396 1539 789 1618 philosophia,
822 1547 1045 1615 quanto
1071 1557 1252 1617 opere
1276 1546 1336 1599 et
1362 1538 1692 1619 expetenda
1723 1548 1878 1600 esset
1907 1548 1966 1600 et
1996 1538 2262 1614 colenda,
2294 1541 2452 1614 satis,
2482 1549 2550 1602 ut

397 1623 674 1694 arbitror,
707 1623 928 1684 dictum
952 1631 1043 1684 est
1062 1623 1123 1684 in
1148 1623 1490 1685 Hortensio.
1551 1624 1635 1684 De
1661 1625 1949 1686 maxumis
1963 1632 2167 1686 *autem
2191 1625 2372 1687 rebus
2403 1625 2551 1686 nihil

397 1710 521 1769 fere
566 1708 991 1769 intermisimus
1021 1717 1224 1787 postea
1257 1727 1370 1768 nec
1401 1708 1702 1788 disputare
1733 1727 1845 1769 nec
1875 1709 2154 1771 scribere.
2214 1709 2320 1770 His
2349 1718 2551 1771 autem

395 1792 564 1854 libris
592 1792 854 1871 exposita
886 1801 1028 1853 sunt
1068 1812 1134 1855 ea
1153 1839 1169 1866 ,
1202 1811 1352 1872 quae
1381 1812 1415 1854 a
1447 1793 1623 1856 nobis
1653 1812 1789 1855 cum
1819 1794 2202 1856 familiaribus
2232 1794 2454 1856 nostris
2482 1795 2546 1856 in

462 1946 508 1995 1.
533 1943 646 1993 Hoc
679 1946 820 1993 enim
855 1945 989 2008 ipso,
1025 1958 1068 1997 s,
1106 1942 1154 1995 d.
1179 1942 1256 1995 kr.
1281 1942 1415 1999 Anh.

1519 1945 1655 2010 riget
1700 1944 1805 1997 und
1850 1945 2079 2012 weniger
2125 1944 2429 2012 erfolgreich
2478 1946 2551 1999 ist

460 2013 508 2063 2.
535 2014 821 2061 animus-
841 2011 1049 2062 desinit.
1084 2011 1193 2063 Aus
1209 2011 1416 2064 Ennius'
2205 2036 2216 2044 ⁴

1521 2012 1599 2063 als
1627 2013 1769 2078 jene.

389 2076 551 2144 lphig.
588 2078 757 2130 Aulid.
793 2077 1025 2131 Ribbeck
1060 2084 1340 2131 vermutet:

383 2142 621 2197 :Animus
656 2161 819 2210 aeger
839 2144 1046 2212 semper
1075 2152 1227 2199 errat
1248 2146 1417 2215 ne'que

521 2217 641 2281 poti
675 2216 762 2276 (ae
776 2218 970 2280 potiri)
1005 2231 1175 2282 neque
1207 2214 1419 2282 perpeti

385 2282 536 2333 Pdtz’s
570 2287 650 2333 est
686 2319 861 2335 .....
899 2283 1092 2349 cupere
1125 2300 1418 2350 numquam

525 2349 736 2402 desinit.

385 2417 525 2471 Aber
554 2421 676 2500 pati
707 2417 980 2500 bedentet:
1015 2418 1166 2484 ruhig
1201 2419 1417 2501 hinneh-

383 2500 608 2607 3422..ae
610 2486 997 2621 '‘11¹2:}¹-J‘;¹.²12;²‚¹¹
1019 2487 1418 2624 ἕὲἓὲἶαῶἶέῗ

380 2625 496 2688 peti
530 2623 643 2674 eine
670 2622 977 2689 Steigerung
1000 2623 1130 2675 nach
1157 2623 1287 2676 Grad
1313 2624 1414 2677 und

383 2689 574 2753 Bauer,
623 2691 734 2742 also
771 2691 901 2742 auch
938 2691 1089 2743 einen
1125 2691 1414 2758 Gegensatz

382 2757 703 2810 bezeichnet.

454 2826 502 2876 6.
535 2828 763 2891 probari
783 2830 865 2891 ut,
898 2825 1000 2877 wie
1022 2827 1312 2878 verisimile
1336 2832 1418 2878 est

381 2897 448 2945 ut
469 2907 564 2944 nur
587 2893 638 2943 in
665 2893 832 2945 einem
857 2893 1131 2958 negativen
1154 2893 1307 2945 Satze
1327 2909 1416 2960 ge-

382 2960 702 3023 brauchlich,
735 2961 805 3012 ist
839 2964 1082 3026 vermoge
1118 2962 1261 3013 einer
1287 2961 1414 3014 Ver-

382 3027 717 3093 wechselung
736 3028 826 3080 der
848 3027 1178 3093 suhjektiven
1198 3029 1302 3082 und
1321 3031 1414 3083 ob-

373 3095 619 3161 jektiven
637 3094 797 3162 Folge
814 3095 1056 3147 verkssrzt
1075 3112 1168 3149 aus
1190 3101 1416 3164 probari

379 3169 445 3215 ut
478 3164 758 3214 credamus
793 3164 887 3215 mit
921 3164 1044 3216 Acc.
1070 3180 1114 3217 c.
1137 3164 1232 3218 Ins.
1291 3165 1407 3232 Vgl.

380 3231 447 3283 de
482 3230 570 3284 fin.
607 3230 663 3284 ll.
689 3234 771 3295 33,
803 3234 928 3286 108:
967 3233 1073 3297 Qui
1105 3234 1168 3285 id
1185 3237 1418 3300 probari

371 3305 568 3367 potest,
603 3305 667 3350 ut
696 3304 745 3351 is
761 3329 828 3340 —
843 3301 968 3366 plus
993 3317 1153 3367 quam
1178 3317 1277 3388 ego
1300 3306 1411 3368 ipse

370 3369 652 3433 gaudeat?
708 3368 777 3420 So
803 3368 933 3420 auch
963 3367 1179 3431 efficere
1220 3371 1414 3423 bewei-

378 3428 499 3488 sen’
535 3437 636 3488 und
677 3443 855 3488 tenere
901 3436 993 3487 mit
1036 3442 1100 3487 ut
1131 3432 1220 3489 ‘an
1272 3439 1413 3490 einer

378 3503 597 3556 Ansicht
632 3496 953 3557 [esthalten'.
1010 3503 1071 3556 V.
1101 3508 1182 3570 11,
1219 3508 1301 3559 34.
1357 3506 1410 3560 S.

379 3571 512 3622 auch
549 3587 593 3624 z.
627 3571 664 3625 1.
701 3575 750 3637 8,
793 3576 880 3633 163
920 3573 1003 3637 38,
1039 3576 1121 3626 91.

370 3659 552 3771 ‘2032st
569 3656 739 3758 ²3:213?
769 3641 1412 3762 affligfigss‘sfi'ffipffiss

382 3768 620 3839 Korper’,
636 3775 834 3828 welche
847 3775 980 3828 doch
996 3792 1177 3843 wegen
1190 3778 1279 3830 der
1291 3778 1410 3830 Ein-

381 3840 622 3909 wirkung
657 3843 870 3896 andei-er
899 3842 1154 3898 Einssiisse
1190 3846 1408 3898 schwie-

1590 2083 1639 2134 8.
1663 2081 1857 2146 valeat,
1880 2081 1949 2132 im
1975 2079 2315 2148 singular,
2349 2082 2420 2134 im
2444 2082 2551 2136 An-

1520 2148 1714 2200 schluss
1743 2149 1881 2201 blors
1912 2164 1976 2200 an
2003 2148 2096 2201 das
2129 2149 2285 2202 letzte
2310 2149 2551 2216 Subjekt,

1520 2217 1622 2268 wie
1659 2216 1817 2269 Acad.
1853 2216 1910 2269 11.
1940 2219 2022 2283 35,
2050 2219 2171 2271 113:
2210 2223 2263 2268 et
2283 2220 2554 2286 Peripate-

1522 2287 1620 2336 tici
1654 2289 1710 2336 et
1740 2291 1889 2337 vetus
1923 2285 2215 2336 Academia
2252 2287 2508 2341 concedit.

1589 2355 1671 2406 13.
1695 2352 1837 2415 foris
1859 2345 1987 2404 ‘von
2023 2350 2323 2420 auswfirts’,
2357 2356 2458 2408 wie
2485 2353 2552 2408 de

1521 2437 1595 2473 or.
1621 2420 1675 2473 ΙΙ.
1702 2423 1785 2485 40,
1817 2425 1937 2475 173:
1972 2422 2139 2474 Foris
2162 2422 2550 2483 adsumuntur:

1520 2491 1881 2555 omnibusque,
1923 2505 1965 2543 s,
2001 2488 2037 2540 1.
2073 2492 2157 2554 29,
2194 2494 2257 2544 71
2298 2507 2361 2543 zu
2399 2491 2555 2541 adhi-

1520 2558 1759 2622 huicque.

2600 1124 2660 1178 10

2598 1545 2660 1599 15

1597 2623 1700 2676 Das
1746 2624 2050 2692 Asyndeton
2099 2628 2288 2691 opibus
2343 2628 2554 2678 viribus
2637 2588 2646 2603 ι

1517 2692 1645 2758 (ng.
1696 2691 1732 2747 1.
1790 2696 1881 2756 14,
1936 2695 2021 2757 31)
2079 2692 2380 2746 bezeichnet
2433 2694 2552 2748 eine

1516 2760 1950 2813 nachdn'ickliche
1998 2760 2404 2828 Hervorhebung
2454 2761 2550 2815 des

1516 2827 1755 2895 BegriffS,
1781 2828 2004 2881 welcher
2032 2828 2121 2879 der
2154 2828 2393 2896 folgende
2416 2829 2550 2882 Aus-

1517 2896 1679 2948 druck
1698 2897 2082 2948 elaborandum
2101 2898 2402 2965 entspricht.
2443 2898 2551 2950 An-

1519 2965 1636 3017 ders
1678 2968 1756 3028 11,
1793 2967 1876 3018 25.

1590 3035 1668 3086 14.
1692 3033 1756 3083 de
1772 3036 2027 3084 universa
2049 3034 2408 3101 philosophia,
2427 3049 2467 3087 ε.
2488 3033 2548 3087 11.

1521 3102 1569 3165 1,
1602 3104 1638 3153 4
1674 3116 1733 3152 zu
1771 3104 2093 3154 universam.

1588 3171 1668 3220 15.
1715 3170 2011 3235 expetenda
2056 3174 2203 3222 esset.
2273 3157 2412 3222 Uber
2444 3171 2547 3222 den

1517 3235 1662 3301 Gonj.
1702 3236 1904 3305 Imperf.
1952 3253 1993 3290 s.
2027 3237 2064 3290 1.
2105 3242 2151 3302 1,
2191 3242 2216 3292 1
2263 3254 2326 3289 zu
2375 3242 2547 3304 perti-

1514 3310 1720 3356 nerent.

1586 3374 1666 3425 16.
1703 3375 1764 3423 in
1799 3373 2101 3437 Hortensio,
2139 3389 2181 3426 s.
2218 3390 2280 3425 zu
2316 3372 2373 3427 11.
2411 3376 2459 3437 2,
2496 3377 2548 3427 4.

1582 3441 1665 3491 De
1716 3443 1988 3491 maa-umis
2039 3443 2223 3492 rebus:
2278 3428 2416 3493 Uber
2462 3441 2548 3494 die

1516 3508 1846 3574 wichtigsten
1871 3507 2078 3575 Kapitel
2113 3508 2238 3562 oder
2260 3509 2455 3575 Fragen
2471 3533 2545 3553 ==

1516 3575 1661 3628 loeis.
1721 3574 1788 3627 Er
1812 3577 1972 3627 meint
1995 3577 2273 3629 besonders
2298 3576 2380 3628 die
2403 3578 2547 3628 Aea-

1517 3644 1722 3696 demiea
1757 3644 1861 3695 und
1900 3645 1984 3695 die
2009 3644 2211 3697 Bucher
2247 3645 2309 3696 de
2342 3644 2548 3706 finibus

1514 3713 1777 3763 bonorum
1813 3718 1865 3763 et
1897 3713 2180 3766 malorum.

1586 3783 1611 3833 1
1622 3783 1665 3833 7.
1684 3775 2361 3834 intermisimus‘aussetzen
2375 3772 2407 3844 ²,
2427 3796 2554 3833 ver-

1513 3848 1754 3900 schiedeu
1787 3864 1889 3900 von
1928 3852 2181 3901 omittere.
