2834 4317
935 172 1125 226 mann
1161 173 1195 227 1.
1236 177 1315 240 15,
1352 176 1433 227 34.
1473 176 1555 229 35.
1599 178 1677 231 16.
2302 176 2382 233 49

199 346 553 406 Mercedem
587 344 811 426 gloriae
841 344 1063 423 flagitat
1092 344 1165 406 ab
1197 345 1287 418 iis,
1323 364 1581 425 quorum
1610 357 1810 427 patres
1852 349 2150 410 adfecerat
2178 349 2385 430 gloria,

198 433 526 510 idemque:

527 514 710 577 Nemo
739 532 831 576 me
859 514 1112 577 lacrimis

852 598 1018 661 Cur?
1063 600 1241 662 volito
1278 604 1441 663 vivos
1467 620 1571 682 per
1599 621 1706 664 ora
1736 606 1953 664 virum.

130 698 157 746 5
200 687 330 748 Sed
381 685 528 767 quid
557 682 811 765 poetas?
856 686 1102 765 opifices
1145 695 1286 766 post
1314 698 1567 747 mortem
1618 687 1913 748 nobilitari
1945 688 2169 748 volunt.
2231 686 2386 758 Quid

200 772 380 833 enim
412 771 649 832 Phidias
692 770 786 832 sui
832 770 1083 832 similem
1128 771 1393 851 speciem
1439 772 1683 834 inclusit
1712 773 1772 834 in
1820 774 2038 853 clupeo
2067 772 2385 848 Minervae,

203 876 356 919 cum
401 856 733 917 inscribere
779 874 1000 917 nomen
1064 875 1188 918 non
1234 855 1488 918 liceret?
1551 856 1750 937 quid?
1814 858 2005 920 nostri
2049 858 2387 939 philosophi

207 961 429 1004 nonne
475 942 537 1002 in
582 941 654 1002 iis
697 940 865 1003 libris
909 942 1073 1022 ipsiS,
1120 960 1272 1021 quos
1302 942 1579 1004 scribunt
1608 943 1680 1004 de
1710 945 2148 1005 contemnenda
2180 944 2386 1024 gloria,

206 1047 322 1090 sua
375 1027 621 1088 nomina
650 1024 1033 1088 inscribunt?

95 1119 163 1172 ‘lo
390 1111 566 1183 Quod
595 1111 646 1173 si
677 1112 946 1173 omnium
989 1131 1320 1174 consensus
1353 1122 1599 1173 naturae
1627 1131 1739 1173 vox
1771 1122 1860 1174 est
1888 1132 2235 1193 omnesque,
2281 1114 2381 1192 qui
2431 1124 2490 1173 35

209 1199 443 1276 ubique
474 1207 632 1269 sunt,
677 1197 1060 1259 censentiunt
1090 1216 1219 1258 esse
1248 1197 1473 1277 aliquid
1503 1198 1663 1276 quod
1695 1198 1767 1258 ad
1799 1217 1902 1259 eos
1931 1199 2245 1277 pertineat,
2279 1199 2382 1278 qui

210 1285 331 1344 vita
364 1282 674 1355 cesserint,
723 1281 895 1343 nobis
924 1301 1164 1361 quoque
1206 1281 1365 1344 idem
1396 1282 1853 1343 existimandum
1884 1292 1991 1354 est,
2031 1294 2091 1343 et
2121 1284 2188 1358 si,
2232 1303 2384 1362 quo-

209 1387 353 1430 rum
385 1377 486 1428 aut
515 1367 760 1445 ingenio
792 1374 894 1428 aut
910 1368 1127 1429 virtute
1157 1368 1390 1429 animus
1414 1367 1666 1446 excellit,
1701 1385 1803 1427 eos
1835 1367 2212 1443 arbitramur,
2247 1369 2385 1447 quia

212 1463 431 1515 natura
478 1453 698 1532 optima
744 1453 883 1526 sint,
928 1470 1179 1514 cernere
1237 1462 1487 1515 naturae
1531 1452 1644 1512 vim
1693 1470 1983 1527 maxume,
2029 1454 2152 1515 veri
2196 1453 2387 1516 simile

128 1551 175 1600 15
214 1549 329 1614 est,
378 1557 514 1599 cum
560 1547 840 1619 optumus
871 1539 1122 1617 quisque
1162 1556 1437 1599 maxume
1481 1537 1811 1617 posteritati
1841 1537 2075 1614 serviat,
2121 1558 2251 1602 esse
2281 1539 2389 1601 ali-

222 1623 391 1704 quid,
426 1623 593 1685 cuius
624 1623 674 1683 is
704 1631 843 1702 post
872 1633 1123 1684 mortem
1155 1641 1397 1684 sensum
1430 1623 1507 1685 sit
1535 1623 1864 1684 habituruS.

399 1708 517 1769 Sed
560 1716 624 1769 ut
656 1709 801 1769 deos
843 1727 972 1770 esse
1003 1718 1213 1769 natura
1246 1709 1581 1790 opinamur,
1631 1708 1953 1787 qualesque
1996 1708 2118 1769 sint
2154 1709 2387 1770 ratione
2422 1715 2497 1770 16

32 1213 39 1298 ι’

300 1879 349 1929 1.
382 1874 680 1927 Mercedem
707 1875 941 1940 gloriae,
977 1875 1068 1927 der
1098 1875 1263 1928 Gene-

223 1945 302 1995 tiv
341 1943 762 2009 (epexegeticus)
799 1947 928 1995 statt
959 1943 1050 1995 der
1085 1943 1261 2010 Appo-

226 2012 404 2075 sition,
442 2012 542 2063 wie
567 2014 649 2074 36,
691 2014 753 2064 87
792 2028 987 2063 nomen
1011 2013 1234 2063 carendi
1242 2031 1263 2074 ‚-

226 2083 313 2143 45,
345 2081 441 2132 109
466 2082 603 2130 bona
632 2080 808 2131 laudis
834 2084 887 2130 et
903 2081 1148 2144 gloriam
1181 2078 1261 2133 111.

228 2150 278 2212 6,
320 2149 382 2201 12
405 2164 515 2199 non
538 2150 656 2198 sine
677 2163 879 2214 magna
901 2148 1140 2199 mercede
1162 2151 1261 2199 im-

225 2218 511 2267 manitatis
545 2232 595 2268 u.
632 2231 678 2267 a.

298 2286 348 2335 3.
382 2283 551 2335 Nemo
588 2289 686 2338 cet.
758 2283 861 2335 Cic.
897 2283 1006 2348 hat,
1042 2284 1144 2335 wie
1168 2284 1261 2350 oft,

226 2367 334 2404 von
380 2351 500 2403 dem
545 2352 721 2404 seinen
756 2352 1128 2417 Zeitgenossen
1173 2351 1263 2404 be·

227 2419 461 2472 kannten
495 2419 785 2486 Epigramm
830 2435 926 2472 nur
971 2420 1138 2472 soviel
1174 2435 1262 2471 an-

227 2487 455 2555 geffihrt,
491 2488 568 2539 als
604 2503 692 2539 zur
710 2487 1033 2552 Erinnerung
1056 2503 1121 2539 an
1147 2487 1264 2539 das·

229 2555 376 2608 selbe
426 2555 708 2608 hinreichte
761 2555 866 2609 und
922 2556 1002 2608 fiir
1047 2555 1145 2607 den
1200 2571 1261 2607 zu

230 2624 590 2677 erlfiuternden
617 2623 894 2677 Gedenken
932 2622 1263 2676 erforderlich

229 2706 356 2744 war.
391 2691 491 2744 Der
509 2708 571 2744 zu
591 2693 911 2757 erganzende
924 2692 1074 2745 Theil
1098 2691 1265 2745 dieser

226 2759 592 2813 Dichterstelle
629 2759 791 2812 findet
837 2761 947 2813 sich
983 2765 1141 2813 unten
1177 2762 1264 2828 49,

334 2901 385 2949 5.
424 2896 675 2963 Sedquid
685 2899 897 2962 poetas?
914 2912 985 2949 sc.
1007 2898 1128 2948 dieo
1141 2896 1265 2950 oder

233 2980 599 3030 commemoro,
623 2965 796 3018 wiell.
824 2968 905 3030 17,
931 2968 1019 3018 40:
1044 2966 1264 3030 Pugiles

232 3035 497 3085 caestibus
541 3037 754 3085 contusi
797 3049 865 3083 ne
899 3036 1265 3098 ingemescunt

231 3101 461 3168 quidem.
490 3101 599 3152 Sed
614 3103 746 3167 quid
762 3103 890 3153 llos?
928 3102 1266 3153 Gladiatores

230 3169 998 3290 {lauffgfpz'ssffipgsffissssl
1022 3169 1265 3289 ῗέἐῗέιῖῗ

231 3305 617 3391 geleitetuut‘en
630 3309 714 3368 42,
732 3309 891 3360 10011.
906 3310 1020 3368 101;
1051 3309 1134 3372 45,
1150 3308 1264 3360 108.

230 3366 654 3561 ψὲἴέξίἳέωῗῗ
670 3345 1266 3509 ,ξ’ἓὶᾶέἓὲἰῖἒὴέἳὲῑὲίἓ

231 3523 394 3577 gesag

300 3580 350 3633 6.
404 3579 624 3629 Phidias
678 3578 821 3630 hatte
872 3593 938 3629 an
974 3578 1142 3631 seiner
1176 3577 1265 3629 be·

231 3645 471 3698 rfihmten
533 3646 951 3699 elfenbeinernen
1005 3644 1265 3697 Bildsaule

118 3767 123 3771 .
232 3714 324 3766 der
364 3714 568 3767 Athene
626 3715 719 3766 aur
760 3714 875 3766 dem
923 3712 1130 3766 Schilde
1176 3714 1266 3766 der

196 3832 201 3836 .
234 3782 412 3835 Gottin
457 3782 541 3835 die
586 3782 1116 3835 Amazonenschlacht
1160 3782 1263 3834 und

234 3850 327 3903 aus
360 3850 448 3901 der
482 3849 774 3903 lunenseite
821 3850 919 3902 den
952 3849 1138 3916 Kampf
1176 3850 1266 3902 der

336 3941 487 3987 cicero
513 3942 691 3987 Tuscul.
716 3944 754 3987 1.
792 3944 835 3986 9.
861 3942 985 3986 Aufl.

1364 1875 1619 1941 Gigantea
1653 1876 1706 1928 in
1742 1876 2023 1928 erhabener
2056 1876 2237 1929 Arbeit
2276 1876 2392 1929 dar·

1365 1944 1575 2009 gestellt
1596 1943 1699 1995 und
1724 1943 1871 1995 dabei
1899 1943 2009 1995 sein
2043 1944 2253 2009 eigenes
2276 1943 2392 1996 Bild

1365 2010 1938 2077 engebracht,weshalb
1963 2026 2018 2063 er
2042 2012 2213 2078 spater
2237 2027 2393 2079 ange-

1365 2079 1513 2145 klagt
1540 2080 1727 2133 wurde.
1794 2080 1847 2132 S.
1885 2079 1933 2131 d.
1969 2079 2086 2133 krit.
2122 2079 2253 2134 Anh.

1434 2151 1523 2199 eui
1553 2148 1797 2200 similem.
1831 2147 1932 2200 Der
1964 2147 2091 2200 Gen.
2125 2148 2211 2200 bei
2245 2151 2392 2200 simi-

1366 2216 1436 2266 lis
1473 2216 1584 2267 bez.
1630 2217 1744 2268 eine
1780 2217 1973 2282 vollige
2008 2216 2392 2270 Ebenbildlich·

1364 2283 1492 2349 keit,
1528 2284 1616 2334 der
1639 2283 1749 2336 Dat.
1787 2286 1902 2335 eine
1929 2284 2060 2336 nahe
2084 2283 2394 2338 kommende

1366 2320 1700 2403 Ehn'liehkeit
1753 2351 1877 2403 oder
1923 2351 2394 2406 Verwandtschaft.

1369 2418 1485 2483 Vgl.
1526 2420 1606 2483 19,
1642 2420 1736 2479 43;
1775 2420 1859 2484 33,
1897 2423 1987 2479 81,
2024 2419 2086 2471 V.
2123 2422 2206 2483 19,
2241 2422 2323 2472 56.

1437 2490 1486 2539 9.
1524 2502 1625 2536 ma
1665 2489 1885 2537 nomina
1908 2457 2227 2538 inscribun’t.
2263 2486 2394 2539 Den-

1367 2554 1546 2607 selben
1567 2552 1846 2606 Gedanken
1883 2568 1924 2605 s.
1944 2570 1994 2621 p.
2013 2552 2165 2607 Arch.
2194 2557 2274 2619 11,
2311 2556 2393 2607 26.

1441 2626 1520 2675 10.
1544 2625 1637 2688 qui
1670 2624 1866 2687 ubique
1883 2625 2009 2672 sunl
2031 2647 2098 2668 ε-
2124 2624 2218 2687 qui
2253 2628 2394 2687 sunt,

1367 2693 1690 2756 ubicumque
1722 2695 1864 2742 sunt.
1924 2690 2069 2742 Denn
2108 2691 2191 2743 bei
2216 2691 2392 2743 Cicero

1369 2758 1474 2811 und
1510 2759 1647 2811 allen
1678 2757 1937 2811 Schriftst.
1960 2774 2056 2810 vor
2073 2758 2252 2826 Vergil
2286 2760 2391 2812 und

1369 2827 1545 2881 Livius
1579 2828 1650 2879 ist
1684 2830 1881 2894 ubique
1922 2828 2006 2880 nie
2042 2827 2396 2895 schleehtweg

1367 2921 1439 2943 ..--
1470 2899 1718 2948 omnibus
1751 2896 1901 2960 loeis,
1939 2895 2160 2948 sondern
2195 2895 2396 2950 kommt

1370 2979 1469 3015 nur
1503 2966 1632 3017 nach
1669 2963 1920 3017 Relativis
1964 2962 2069 3016 und
2102 2962 2393 3030 Interroga-

1371 3033 1494 3083 tivis
1521 3048 1610 3084 zur
1634 3030 1948 3098 Abkiirzung
1974 3031 2066 3083 des
2095 3031 2392 3085 Ausdrncks

1368 3101 1422 3150 in
1460 3100 1628 3152 dieser
1647 3100 1821 3152 Weise
1856 3116 1965 3152 vor.
2036 3099 2155 3166 Vgl.
2191 3100 2254 3152 de
2289 3100 2394 3155 div.

1367 3168 1427 3221 11.
1465 3171 1549 3231 45,
1574 3171 1666 3222 94.
1715 3172 1811 3234 qui
1844 3172 2049 3235 ventus,
2083 3172 2180 3234 qui
2211 3170 2397 3234 imber,

1370 3253 1508 3302 quae
1532 3241 1810 3302 tempestas
1831 3239 2030 3301 ubique
2050 3240 2136 3287 sit.
2189 3207 2397 3288 Ebenso

1371 3306 1631 3371 quiequid
1663 3307 1724 3367 (8.
1759 3303 1840 3356 lV.
1875 3308 1949 3368 19,
1975 3306 2079 3369 44).

1444 3376 1523 3427 14.
1544 3388 1774 3426 eernere.
1822 3371 1939 3423 Dies
1960 3370 2108 3423 Wort
2134 3370 2261 3422 wird
2281 3387 2398 3423 vor-

1370 3441 1661 3505 zugsweise
1706 3456 1809 3493 von
1855 3439 1970 3490 dem
2018 3438 2256 3492 Scbauen
2303 3440 2395 3493 des

1371 3508 1574 3561 Geistes
1622 3508 1726 3560 und
1769 3508 1928 3559 daher
1960 3522 2062 3559 von
2110 3524 2395 3574 genauer

1370 3576 1793 3644 Wabrnehmung
1826 3576 2125 3642 gebraucht,
2167 3577 2276 3643 vgl.
2312 3580 2396 3642 12,

1371 3646 1463 3705 26;
1503 3647 1585 3710 20,
1611 3647 1676 3698 46
1711 3662 1761 3697 u.
1787 3661 1834 3697 o.

1444 3717 1523 3765 15.
1557 3717 1759 3765 serviat
1796 3711 2023 3765 Bedacht
2075 3712 2256 3765 nimmt
2307 3712 2399 3765 aur

1368 3810 1455 3846 --,
1492 3781 1541 3833 d.
1569 3782 1602 3834 i.
1639 3797 1702 3833 zu
1739 3785 1927 3833 nutzen
1963 3782 2130 3834 sucht.
2177 3779 2295 3845 Vgl.
2332 3779 2394 3832 V.
