2834 4317
196 523 261 592 ³43

287 1023 333 1079 O

44 1377 57 1384 Ν
130 1265 684 1375 ,ᾸνΌῖἛἿἿθςεῃῑ
726 1296 798 1357 ab
844 1297 927 1358 ull

458 187 581 246 118

452 360 634 422 multa
666 361 948 441 disputat,
981 379 1157 440 quam
1188 361 1264 422 oh
1297 377 1424 422 rem
1453 360 1532 435 is,
1580 360 1681 439 qui
1709 368 2060 439 torqueatur
2082 407 2098 433 ,
2136 361 2238 439 qui
2285 359 2614 436 crucietur,

1223 187 1419 241 LlBER
1455 188 1517 241 V.
1553 191 1604 252 9,
1625 190 1709 242 25.
1731 190 1813 242 26.

451 448 659 509 beatus
688 465 817 508 esse
860 466 984 508 non
1030 446 1247 526 possit;
1291 447 1354 507 in
1401 464 1472 506 eo
1517 445 1689 507 etiam
1736 454 1981 525 putatur
2022 445 2260 521 dicere,
2305 446 2368 507 in
2412 455 2604 507 rotam

452 532 678 594 beatam
723 532 896 593 vitam
955 551 1078 592 non
1124 531 1466 593 escendere.
1554 531 1688 591 Non
1745 549 1994 610 usquam
2052 529 2111 590 id
2169 531 2406 610 quidem
2462 532 2607 593 dicit

348 628 406 679 25
453 619 732 693 omnino,
776 616 880 679 sed
911 635 1062 696 quae
1092 616 1262 690 dicit,
1306 616 1463 677 idem
1492 615 1706 676 valent.
1779 616 2032 677 Possum
2060 615 2268 695 igitur,
2313 616 2409 677 cui
2454 635 2604 677 con-

453 703 732 765 cesserim
761 702 823 762 in
852 701 1024 763 malis
1053 720 1181 763 esse
1226 701 1463 763 dolores
1507 700 1809 781 corporis,
1854 702 1917 761 in
1947 700 2116 762 malis
2147 702 2451 780 naufragia
2481 702 2604 762 for·
2644 715 2674 765 5

447 796 658 862 tunae,
717 788 856 848 huic
887 805 1236 848 suscensere
1279 786 1500 847 dicenti
1547 805 1669 847 non
1717 786 1911 847 omnis
1955 786 2148 848 honos
2192 805 2321 848 esse
2375 787 2600 862 beatos,

449 891 586 935 cum
615 873 678 933 in
712 872 906 933 omnis
936 872 1129 933 bonos
1160 890 1257 947 ea,
1291 889 1443 950 quae
1476 871 1574 932 ille
1604 871 1665 932 in
1696 871 1864 933 malis
1894 879 2188 945 numerat,
2219 872 2430 933 cadere
2459 891 2602 952 pos-

448 955 611 1019 sint?
668 956 923 1019 Vexatur
966 956 1123 1018 idem
1166 955 1610 1036 Theophrastus
1653 964 1712 1017 et
1765 956 1934 1018 libris
1975 965 2035 1018 et
2072 956 2288 1018 scholis
2332 958 2606 1019 omnium·

450 1041 971 1122 philosophorum,
1030 1043 1189 1121 quod
1247 1042 1310 1102 in
1370 1040 1726 1103 Callisthene
1779 1060 1888 1103 suo
1945 1042 2195 1103 laudarit
2249 1042 2406 1103 illam
2461 1061 2597 1104 sen-

450 1127 693 1188 tentiam
707 1148 722 1187 z

948 1210 1134 1274 Vitam
1163 1214 1309 1291 reyit
1338 1212 1611 1291 fortuna,
1640 1230 1761 1273 non
1788 1213 2091 1292 sapientia.

932 1316 965 1357 o
1010 1297 1365 1377 philosopho
1427 1297 1743 1375 quicquam
1787 1296 2007 1358 dictum
2061 1315 2189 1358 esse
2243 1297 2596 1377 languidius

447 1381 631 1443 Recte
661 1382 718 1443 id
750 1382 1007 1461 quidem,
1039 1382 1142 1443 sed
1173 1381 1320 1443 nihil
1343 1381 1625 1460 intellego
1657 1382 1771 1443 dici
1800 1382 2066 1461 potuisse
2093 1382 2479 1444 constantius.
2535 1383 2596 1443 Si

447 1467 608 1528 enim
640 1474 729 1527 tot
756 1475 899 1529 sunt
939 1468 1000 1528 in
1034 1485 1288 1546 corpore
1327 1466 1520 1541 hona,
1563 1475 1654 1527 tot
1694 1476 1857 1528 extra
1886 1484 2105 1546 corpus
2143 1468 2204 1528 in
2248 1486 2389 1529 casu
2419 1477 2595 1547 atque

445 1553 717 1625 fortuna,
750 1571 956 1613 nonne
987 1560 1456 1615 consentaneum
1490 1559 1580 1613 est
1621 1552 1755 1632 plus
1783 1553 2119 1626 fortunam,
2166 1571 2317 1631 quae
2361 1553 2599 1614 domina
2641 1564 2698 1615 15

443 1655 645 1699 rerum
676 1638 751 1699 sit
781 1646 841 1698 et
876 1645 1256 1699 externarum
1297 1646 1357 1698 et
1385 1637 1456 1697 ad
1489 1655 1709 1717 corpus
1736 1638 2163 1718 pertinentium
2181 1683 2196 1712 ,
2240 1656 2415 1716 quam
2446 1656 2596 1698 con·-

206 1731 241 1792 Q
341 1738 401 1788 26
443 1723 639 1785 silium
666 1720 901 1783 valere?
960 1723 1052 1784 An
1081 1724 1371 1784 malumus
1400 1721 1729 1801 Epicurum
1759 1720 2018 1784 imitari?
2078 1741 2209 1868 qss

442 1808 598 1869 clare
635 1826 814 1887 saepe
857 1807 1033 1882 dicit3
1077 1827 1254 1887 quam
1300 1807 1458 1868 enim
1505 1807 1618 1868 sibi
1662 1816 2007 1954 conffler
2050 1826 2121 1869 co
2205 1827 2236 1869 e
2283 1827 2302 1868 1

442 1894 627 1966 dicat,
675 1911 798 1953 non
831 1892 1075 1953 laborat.
1149 1893 1376 1954 Laudat
1418 1877 1672 1954 tenir&
1706 1912 1796 1954 Vic

441 1979 606 2052 dem,
651 1978 752 2039 sed
784 1978 834 2039 si
865 1978 1140 2040 Socrates
1179 1988 1281 2040 aut
1310 1978 1692 2039 Antisthenes
1723 1977 1962 2053 diceret,
2009 1996 2133 2039 non
2165 1979 2243 2052 is,
2281 1979 2384 2059 qui
2414 1980 2596 2041 finem
2642 1991 2699 2042 2ο

2421 1741 2597 1803 prae-

1942 1913 1958 1967 3
2002 1893 2342 1973 philosophi
2371 1893 2426 1954 id
2461 1896 2594 1973 qui-

440 2063 739 2124 bonorum
779 2063 1143 2142 voluptatem
1199 2083 1325 2126 esse
1370 2064 1601 2124 dixerit.
1687 2063 1874 2143 Negat
1917 2081 2275 2143 quemquam
2332 2064 2593 2126 iucunde

438 2167 614 2229 posse
642 2149 864 2223 vivere,
909 2148 1024 2210 nisi
1065 2149 1220 2210 idem
1265 2149 1544 2224 honeste,
1586 2148 1886 2227 sapienter
1913 2148 2188 2227 iusteque
2222 2150 2402 2225 vivat;
2447 2150 2593 2211 nihil

440 2234 710 2313 gravius,
744 2234 890 2294 nihil
921 2234 1295 2314 philosophia
1324 2234 1591 2313 dignius,
1624 2233 1737 2295 nisi
1766 2234 1923 2294 idem
1952 2234 2068 2294 hoc
2095 2235 2293 2314 ipsum
2320 2235 2593 2308 honeste,

440 2318 770 2399 sapienter,
829 2319 982 2380 iuste
1034 2321 1105 2381 ad
1164 2319 1523 2400 voluptatem
1585 2319 1854 2379 referret.
1942 2319 2096 2390 Quid
2148 2320 2357 2381 melius
2416 2338 2595 2399 quam

440 2439 473 2489 2
497 2452 548 2488 u.
575 2439 665 2490 13:
698 2438 822 2505 περὶ
841 2430 1100 2501 εὐτυχίας,
1138 2436 1198 2490 V.
1219 2440 1310 2491 43:
1336 2440 1466 2506 περὶ

438 2499 795 2570 εὐδαιμονίας.

509 2573 555 2623 2.
591 2576 651 2622 in
685 2577 862 2624 rotam
888 2564 1005 2624 ‘das
1041 2563 1351 2638 Folterrad',!
1377 2573 1464 2625 bei

438 2638 536 2691 den
591 2639 839 2692 Griechen
893 2637 1106 2709 τροχός,
1167 2640 1301 2693 oster
1357 2656 1464 2693 von

441 2707 813 2775 Aristophanes
850 2708 1098 2762 erwfihnt.

508 2794 557 2843 4.
594 2784 1194 2858 omnino‘vollstfindig'
1226 2785 1329 2834 =‘
1347 2808 1463 2845 aus-

439 2852 740 2911 drficklich’.
801 2860 869 2911 So
894 2858 1052 2914 Acad.
1080 2860 1136 2912 11.
1157 2862 1207 2925 3,
1228 2864 1282 2912 9:
1320 2860 1463 2911 Nam

439 2926 584 2993 quod
607 2927 797 2977 dicunt
820 2931 1036 2978 omnino
1066 2944 1122 2977 se
1145 2928 1360 2979 credere
1395 2932 1462 2991 ei,

439 3010 592 3061 quom
640 2994 882 3045 iudicent
935 2993 1106 3056 fuisse
1156 2999 1464 3063 sapientem,

435 3064 745 3130 probarem,
793 3066 842 3113 si
888 3064 950 3113 id
992 3067 1167 3130 ipsum
1213 3065 1373 3115 rudes
1412 3070 1467 3116 et

436 3130 646 3182 indocti
678 3130 922 3182 iudicare
953 3135 1268 3198 potuissent.

507 3219 554 3269 9.
584 3218 642 3266 in
665 3214 1000 3282 Callisthene,
1030 3232 1070 3269 s.
1091 3233 1156 3269 zu
1178 3218 1253 3271 111.
1276 3221 1360 3284 10,
1379 3221 1462 3270 21.

505 3304 822 3353 sententiam
834 3293 1322 3370 hier‘Sinnspruch',
1336 3303 1464 3355 viel-

435 3370 593 3423 leicht
626 3362 722 3422 ἅπ.
760 3365 938 3440 hyda.

446 3495 449 3498 .
508 3459 588 3507 11.
617 3456 799 3508 Vitam
824 3459 920 3507 cet.
986 3453 1086 3506 Der
1120 3454 1209 3506 lat.
1234 3453 1365 3505 Vers
1389 3455 1459 3506 ist

438 3523 863 3576 wahrscheinlich
883 3538 976 3576 aus
995 3522 1202 3575 Ennius’
1220 3518 1462 3574 ‘Penthe-

438 3587 599 3656 silea’,
636 3592 774 3642 einer
793 3590 1155 3656 Nachbildung
1190 3605 1295 3642 von
1332 3590 1460 3642 chii-

436 3673 642 3710 remons
700 3652 962 3722 Ἀχιλλεὺς
1027 3654 1460 3728 Θερσιτοκτόνος,

436 3727 491 3778 in
528 3725 776 3777 welchem
813 3725 961 3789 (nach
985 3724 1121 3780 Plut.
1150 3729 1276 3794 περὶ
1302 3722 1462 3806 τύχης

372 3845 375 3848 Α
438 3808 490 3858 p.
529 3792 738 3871 97)-der
767 3791 897 3845 Vers
931 3792 1169 3844 vorkam:
1217 3787 1353 3858 Τύχη
1387 3813 1461 3845 τα

439 3859 674 3925 θνητων
708 3853 1013 3928 πράγματ’,
1057 3856 1154 3911 οὐκ
1189 3856 1460 3927 εὐβουλία.

1640 2438 1720 2487 18.
1758 2439 1901 2487 enim
1926 2427 2183 2498 ‘freilich',
2221 2436 2461 2490 ironisch.
2517 2438 2594 2488 Zu

1568 2505 1820 2570 ergfinzen
1873 2505 1942 2555 ist
1996 2503 2086 2555 der
2139 2503 2408 2556 Gedanke:
2472 2505 2597 2558 aber

1567 2571 1678 2622 dies
1722 2572 1810 2623 hat
1843 2573 1994 2624 einen
2031 2573 2277 2639 geringen
2315 2572 2483 2637 Wert,
2534 2588 2594 2625 so

1568 2638 1678 2690 dass
1730 2640 1821 2691 das
1883 2641 1935 2691 in
1995 2639 2086 2690 der
2137 2640 2596 2706 vorhergehenden

1564 2705 1728 2772 Frage
1749 2706 1986 2773 liegende
2006 2706 2170 2759 Urteil
2197 2708 2421 2760 dadurch
2451 2709 2597 2760 nicht

1566 2775 1919 2840 umgestossen
1967 2775 2111 2827 wird.
2182 2775 2256 2827 Zu
2310 2776 2481 2827 multa
2525 2807 2595 2815 ——

1565 2858 1722 2908 saepe
1757 2842 1862 2909 vgl.
1895 2843 1932 2895 1.
1965 2846 2045 2908 30,
2075 2846 2165 2896 74:
2204 2859 2359 2910 saepo
2392 2844 2595 2896 multis.

1640 2913 1718 2964 19.
1747 2913 2059 3029 {hilo-sophi
2094 2916 2192 2964 cet.
2246 2911 2362 2979 Vgl.
2396 2912 2474 2965 111.
2511 2915 2596 2976 16,

1637 3048 1718 3098 20.
1782 3047 2059 3112 Socratae,
2121 3047 2306 3099 dessen
2359 3047 2595 3100 einfache

1565 3112 1925 3167 Lebensweise
1962 3114 2262 3167 allbekannt
2297 3116 2380 3167 ist.

1632 3182 1991 3249 Antisthenes,
2028 3183 2242 3235 Schiiler
2280 3183 2370 3236 des
2402 3181 2599 3235 Sokra-

1566 3252 1663 3315 tes,
1700 3249 1879 3303 Stifter
1915 3251 2007 3302 der
2053 3251 2333 3319 cynischen
2380 3250 2594 3304 Schule.

1564 3346 1634 3355 —
1656 3317 1817 3380 finem
1848 3321 2109 3370 bonorum
2128 3344 2194 3365 ==
2212 3335 2474 3370 summum
2505 3322 2601 3370 bo-

1564 3401 1710 3436 num.

1634 3456 1717 3506 21.
1753 3453 1933 3520 Negat
1956 3459 2055 3506 cet.
2108 3452 2252 3507 Nach
2280 3455 2426 3521 Diog.
2453 3455 2507 3507 L.
2528 3455 2597 3508 X.

1570 3524 1690 3575 1402
1748 3517 1857 3575 Οὔκ
1900 3526 2055 3574 ἔστιν
2100 3516 2270 3588 ἡδέως
2314 3523 2415 3588 ζῆν
2459 3519 2599 3575 ἄνευ

1564 3589 1662 3640 τοῦ
1698 3595 1975 3659 φρονίμως
2017 3592 2109 3640 καὶ
2155 3588 2333 3642 καλῶς
2380 3595 2471 3642 καὶ
2510 3588 2599 3643 δι-

1562 3662 1758 3709 καίως·
1810 3653 1936 3710 οὐδὲ
1979 3662 2257 3726 φρονίμως
2287 3662 2380 3709 καὶ
2412 3657 2601 3712 καλῶς

1563 3728 1656 3775 καὶ
1691 3721 1913 3779 δικαίως
1947 3721 2078 3777 ἄνευ
2113 3726 2213 3778 τοῦ
2246 3722 2430 3792 ἡδέως.

1634 3796 1714 3845 24.
1761 3795 1836 3846 ad
1876 3796 1979 3846 vol.
2013 3792 2267 3854 referret:
2314 3795 2428 3847 dem
2465 3794 2604 3849 Ver-

1565 3865 1771 3927 gnfigen
1806 3861 2068 3914 dienstbar
2104 3863 2327 3915 machte.

2381 1792 2795 1889 teffimh⁴⁵

2644 1139 2696 1189 10

2785 1247 2795 1532 4
