2834 4317
341 2048 403 2100 48

429 164 510 224 32

1235 164 1428 217 menn
1461 164 1538 218 111.
1575 133 1759 232 20,4·1.
1780 167 1863 218 48.

426 339 595 400 video
627 338 786 399 euim
817 338 888 398 ab
921 356 991 400 eo
1023 337 1138 398 dici
1168 337 1352 398 multa
1382 355 1605 412 severe,
1635 337 1819 398 multa
1848 335 2169 415 praeclare.
2211 336 2435 419 ¹Itaque
2454 382 2470 411 ‚
2518 348 2590 398 ut

429 442 604 503 saepe
634 422 785 497 dixi,
831 424 904 483 de
947 422 1220 484 acumine
1263 422 1458 503 agitur
1498 421 1652 496 eius»,
1704 440 1825 483 non
1859 421 1931 482 de
1974 420 2276 496 moribus;
2318 423 2589 501 quamvis

430 516 678 588 spernat
706 507 1034 587 voluptates
1073 526 1198 580 eaS,
1244 525 1390 586 quas
1432 507 1609 567 modo
1652 506 1936 579 laudavit,
1980 524 2093 585 ego
2132 515 2331 567 tamen
2373 507 2587 567 memi-

431 611 581 653 nero
612 593 771 672 quod
801 593 1067 653 videatur
1101 592 1155 652 ei
1195 610 1489 653 summum
1522 591 1768 653 bonum.
1826 591 1959 652 Non
1993 592 2149 651 enim
2180 590 2363 653 verbo
2392 592 2587 654 solum

382 668 389 677 ⁸
426 677 633 781 posuit
658 677 1038 757 voluptatem,
1069 676 1170 738 sed
1202 676 1536 757 explanavit
1564 676 1705 755 quid
1732 676 1972 737 diceret.
2025 667 2356 754 ‘Saporem’
2392 677 2593 755 inquit
2636 687 2667 736 5

455 772 515 824 et
547 779 871 842 corporum
902 761 1273 841 complexum
1319 773 1377 821 et
1419 761 1592 823 ludos
1631 771 1808 840 atque
1850 770 2059 821 cantus
2106 772 2167 822 et
2207 762 2427 822 formas
2466 780 2588 833 eaS,

435 846 652 925 quibus
696 846 853 907 oculi
894 847 1152 908 iucunde
1192 836 1578 908 moveantur.²
1657 846 1813 907 Num
1856 848 2050 923 fingo,
2094 865 2239 907 num
2283 843 2589 907 mentior?

437 931 625 1011 Cupio
649 931 869 1006 refelli;
901 932 1040 1010 quid
1066 932 1225 992 enim
1249 931 1476 1005 laboro,
1502 931 1616 992 nisi
1639 940 1706 992 ut
1728 930 1941 992 veritas
1964 932 2025 993 in
2053 931 2215 991 omni
2237 931 2590 1009 quaestione

335 1033 394 1083 47
438 1013 808 1096 explicetur?
846 1020 920 1077 At
950 1016 1102 1077 idem
1133 1017 1214 1078 ait
1245 1036 1366 1077 non
1397 1034 1669 1077 crescere
1699 1016 2060 1095 voluptatem
2090 1016 2295 1077 dolore
2325 1015 2588 1076 detracto

437 1119 846 1180 summamque
891 1100 1248 1179 voluptatem
1304 1120 1436 1163 esse
1493 1101 1641 1162 nihil
1695 1101 1914 1162 dolere.
1989 1101 2203 1162 Paucis
2246 1101 2440 1161 verbis
2478 1101 2590 1161 tria
2641 1108 2701 1162 ss

437 1204 650 1265 magna
680 1196 937 1265 peccata.
992 1186 1209 1261 Unum,
1241 1186 1401 1265 quod
1432 1204 1634 1247 secum
1658 1186 1784 1265 ipse
1816 1195 2061 1265 pugnat.
2119 1185 2293 1246 Modo
2318 1186 2476 1246 enim
2512 1204 2590 1246 ne

437 1271 728 1350 suspicari
759 1271 995 1350 quidem
1026 1289 1090 1332 se
1134 1272 1449 1350 quicquam
1492 1271 1750 1345 boum,
1792 1271 1906 1332 nisi
1936 1289 2148 1332 sensus
2192 1271 2359 1348 quasi
2390 1270 2590 1331 titilla-

438 1366 652 1416 rentur
678 1356 1009 1436 voluptate;
1051 1374 1215 1417 nunc
1255 1367 1452 1417 autem
1480 1374 1771 1417 summam
1813 1355 2170 1436 voluptatem
2211 1374 2342 1416 esse
2383 1356 2592 1416 dolore

441 1459 662 1502 carere.
722 1441 1002 1502 Potestne
1033 1441 1217 1520 magis
1244 1460 1446 1502 secum
1474 1441 1601 1521 ipse
1630 1438 1941 1519 pugnare?
1972 1441 2236 1502 Alterum
2258 1450 2591 1521 peccatum,

442 1526 632 1604 quod,
680 1526 907 1587 cumin
941 1536 1150 1586 natura
1189 1526 1303 1586 tria
1333 1526 1487 1601 sint,
1530 1543 1717 1586 unum
1758 1526 2047 1604 gaudere,
2090 1526 2337 1586 alterum
2369 1517 2596 1600 dolere,
2635 1526 2707 1588 15
2810 1511 2819 1523 ’

439 1610 681 1672 tertium
725 1629 837 1671 nec
880 1612 1138 1690 gaudere
1183 1629 1296 1672 nec
1340 1611 1571 1685 dolere,
1615 1610 1712 1671 hic
1754 1610 2011 1688 primum
2056 1620 2116 1670 et
2153 1610 2393 1671 tertium
2423 1622 2597 1689 putat

442 1696 596 1756 idem
643 1713 782 1772 essev
815 1713 928 1755 nec
961 1695 1270 1775 distinguit
1313 1714 1346 1756 a
1393 1715 1516 1757 non
1559 1694 1815 1755 dolendo
1873 1696 2251 1775 voluptatem.
2323 1695 2592 1756 Tertium

445 1790 753 1859 peccatum
784 1798 1102 1840 commune
1141 1799 1278 1841 cum
1321 1780 1706 1860 quibusdam,
1748 1780 1907 1858 qued
1938 1799 2074 1841 cum
2118 1780 2301 1841 virtus
2341 1780 2595 1841 maxime

446 1873 757 1943 expetatur
786 1864 1033 1943 eiusque
1061 1864 1472 1944 adipiscendae
1494 1884 1669 1927 causa
1691 1864 2061 1945 philosophia
2085 1864 2346 1944 quaesita
2369 1865 2463 1939 sit,
2495 1866 2594 1926 ille

382 1998 395 2009 .
447 1967 477 2009 a
507 1950 720 2010 virtute
748 1967 1048 2011 summum
1075 1950 1301 2011 bonum
1330 1951 1637 2030 separavit.

615 2036 691 2095 At
732 2033 928 2096 laudat
971 2053 1148 2115 saepe
1185 2036 1480 2096 virtutem.

448 2200 577 2253 wird
606 2201 736 2253 auch
762 2201 1169 2266 eingeschobem
1206 2217 1248 2254 s.
1275 2203 1359 2266 23,
1386 2204 1469 2255 55.

449 2269 520 2321 So
557 2269 688 2321 auch
722 2269 777 2321 ll.
815 2271 899 2333 25,
937 2272 1028 2322 60:
1066 2269 1242 2321 Dices.

515 2340 565 2390 4.
600 2338 775 2401 verbo,
810 2352 852 2389 s.
889 2352 934 2389 z.
968 2335 1027 2388 11.
1065 2338 1144 2400 12,
1180 2339 1262 2392 28.

518 2409 564 2458 5.
598 2408 796 2471 posuit,
832 2419 873 2456 s·
911 2420 957 2458 z.
993 2406 1148 2467 6,13.

516 2473 776 2538 Saporem
804 2500 873 2510 —
894 2477 1228 2537 moveantur,
1251 2473 1357 2538 vgl.
1386 2475 1468 2538 18,

450 2544 543 2594 41:
589 2555 773 2606 wegen
816 2545 870 2591 et
901 2568 970 2578 —-
1005 2545 1170 2607 atque
1201 2570 1275 2579 ——
1304 2546 1379 2592 et:
1428 2540 1465 2595 1.

448 2613 536 2672 40,
566 2611 657 2661 95:
695 2612 967 2674 totamque
1001 2614 1098 2663 cet.

519 2680 567 2730 9.
602 2692 712 2727 non
748 2691 984 2727 crescere
1017 2678 1343 2743 voluptatem
1381 2677 1473 2728 do-

453 2746 567 2796 loro
589 2745 847 2795 detracto.
900 2743 1024 2796 Date
1042 2743 1125 2796 dle
1141 2737 1309 2808 ἣδονὴ
1331 2744 1475 2796 nicht

452 2811 919 2877 steigerungsfiihig
955 2810 1056 2876 sei,
1090 2811 1161 2863 ist
1196 2810 1473 2878 allerdings

451 2879 570 2930 eine
587 2877 930 2944 Behauptung
953 2892 1055 2929 von
1078 2877 1273 2946 Epikur
1295 2879 1347 2930 iu
1373 2879 1472 2931 den

452 2940 636 3014 κύριαι
687 2940 870 3005 δόξαις
936 2939 1034 2997 οὐκ
1086 2943 1379 3006 ἐπαύξεται
1438 2943 1473 3012 ἦ

453 3006 623 3077 ἡδονὴ
647 3014 709 3064 ἐν
739 3013 808 3076 τῆ
843 3017 1022 3080 σαρκί,
1057 3008 1283 3066 ἐπειδὰν
1320 3006 1474 3066 ἅπαν

454 3077 521 3133 τὸ
545 3074 672 3131 κατ’
708 3063 928 3133 &Bucar
957 3074 1027 3132 ἀλ
1059 3081 1159 3133 οὖν
1192 3080 1472 3154 ἐξαιρεθῇ,

450 3142 594 3200 ἀλλὰ
611 3145 788 3214 μόνον
814 3145 1002 3201 ποικίλ
1095 3168 1153 3201 αι
1175 3150 1243 3201 im
1272 3148 1474 3216 Gegen-

453 3222 596 3269 satze
644 3231 707 3267 zu
744 3215 894 3268 Plato
943 3217 1054 3281 (der
1088 3217 1302 3282 daraus,
1356 3218 1472 3271 dats

453 3285 543 3337 der
571 3283 826 3336 sinuliche
850 3283 1042 3337 Genuss
1066 3284 1473 3352 Verminderung

450 3351 556 3405 und
575 3351 882 3418 Steigerung
900 3350 1118 3419 zulasse,
1138 3352 1238 3405 den
1264 3352 1472 3407 Schluts

452 3435 568 3486 tog,
592 3419 704 3472 dass
722 3419 958 3473 derselbe
976 3420 1119 3472 nicht
1144 3419 1236 3472 das
1255 3421 1472 3475 hochste

453 3487 556 3540 Gut
590 3487 701 3539 sein
737 3487 943 3552 konne).
1010 3486 1150 3540 Aber
1181 3488 1327 3553 allec,
1364 3505 1476 3543 was

455 3554 632 3606 Cicero
656 3555 837 3608 weiter
860 3561 994 3623 sam,
1017 3555 1223 3608 bezieht
1247 3556 1357 3608 sich
1381 3573 1477 3610 nur

455 3622 547 3674 auf
564 3622 648 3673 die
670 3621 947 3688 folgenden
973 3622 1177 3676 Worte:
1214 3640 1476 3675 summam

453 3690 899 3755 voluptatem-mo
916 3692 1061 3743 nihil
1073 3692 1267 3744 dolere.
1294 3691 1477 3744 Wahr·

457 3756 739 3809 scheinlich
753 3757 842 3810 hat
860 3774 917 3811 er
934 3760 1049 3811 eine
1069 3759 1297 3826 grossere
1313 3759 1476 3813 Stelle

445 3824 527 3876 im
541 3824 1014 3893 zusammenhange
1029 3828 1121 3880 vor
1138 3829 1250 3881 sich
1267 3829 1476 3895 gehabt,

1570 2035 1648 2096 Et
1698 2034 1937 2114 quidem
1983 2034 2045 2095 C.
2076 2033 2408 2109 Gracchus,
2455 2053 2594 2095 cum

1575 2215 1668 2254 aus
1684 2200 2035 2267 Fluchtigkeit
2057 2201 2181 2253 aber
2200 2201 2284 2254 die
2303 2202 2443 2254 nicht
2460 2201 2599 2254 hier-

1576 2269 1669 2321 her
1726 2269 2007 2336 gehorigen
2061 2268 2241 2322 Worte
2293 2271 2386 2321 mit
2439 2270 2600 2337 abge-

1573 2337 1858 2389 schrieben.

1644 2408 1724 2457 11.
1779 2405 1947 2458 Unum
1981 2431 2050 2443 —
2084 2406 2329 2457 Alterum
2360 2433 2430 2443 —
2470 2405 2600 2457 Ter-

1572 2475 1725 2524 tium.
1794 2471 1901 2536 Sc,
1946 2472 2089 2525 nicht
2130 2474 2223 2525 mit
2254 2475 2484 2540 primus,
2515 2490 2600 2524 eo-

1571 2538 1793 2605 cu‘ndus,
1830 2544 2032 2602 tertius,
2079 2540 2242 2608 pflegt
2288 2541 2463 2593 Cicero
2510 2541 2612 2594 die

1575 2608 1842 2660 einzelnen
1868 2607 2073 2660 Glieder
2107 2609 2249 2661 eines
2283 2609 2469 2661 vorher
2504 2625 2601 2661 an-

1578 2676 1877 2742 gegehenen
1953 2675 2160 2728 Ganzen
2240 2677 2602 2733 aufzuzfihlen.

1577 2743 1694 2809 Vgl.
1720 2742 1781 2795 V.
1809 2745 1891 2809 24,
1916 2746 2004 2806 68;
2041 2749 2202 2797 unten
2235 2746 2318 2809 22,
2349 2747 2418 2798 ’52
2453 2745 2602 2798 steht

1577 2810 1727 2930 dartg
1772 2812 1891 2929 sellu
1931 2812 2327 2878 ungewohnlich
2358 2815 2601 2879 primum

1577 2907 1643 2917 -
1719 2896 1806 2929 om
1844 2897 1887 2930 e.

1625 2949 1730 3001 ·12.
1766 2950 2059 3013 suspicari:
2106 2949 2137 3014 ξ
2176 2950 2237 3001 41
2275 2965 2326 3000 u.
2362 2950 2429 3000 46
2465 2948 2603 3001 wird

1575 3014 1723 3067 daffir
1758 3014 1852 3066 das
1886 3015 2115 3068 starkere
2160 3016 2473 3082 intellegere
2508 3032 2604 3083 ge·-

1575 3097 1632 3135 Sa
1671 3090 1707 3135 t.

1634 3098 1801 3216 gquasi
1833 3151 2205 3215 titillarentur,
2240 3138 2603 3219 Ubersetzung

1573 3232 1676 3270 von
1715 3217 1933 3285 Epikurs
1966 3238 2075 3289 γαρ
2108 3215 2307 3283 aliga»,
2379 3216 2604 3290 αργαλι-

1574 3283 1723 3351 σμός.
1808 3285 1877 3337 So
1922 3286 2030 3340 Cat.
2071 3239 2143 3339 fit.
2184 3290 2262 3352 14,
2306 3238 2396 3340 4ζε
2444 3293 2604 3340 tanta

1573 3356 1731 3418 quasi
1764 3354 2026 3406 titillatio.

1642 3422 1694 3473 6.
1735 3438 1770 3472 a
1806 3437 1916 3472 non
1951 3422 2194 3474 dolendo.
2251 3421 2302 3474 S.
2339 3438 2404 3474 zu
2437 3422 2473 3474 1.
2512 3426 2601 3489 43,

1579 3490 1703 3541 102:
1740 3490 1807 3539 de
1837 3491 1980 3541 nihil
2010 3491 2301 3542 sentiendo.

1648 3558 1724 3609 18.
1745 3572 2021 3608 commune
2036 3573 2158 3609 cum
2174 3559 2507 3624 quibusdan,
2524 3574 2602 3612 sc.

1570 3624 1927 3690 philosophis3
1982 3626 2030 3677 ei
2068 3626 2260 3678 entlich
2313 3627 2407 3679 mit
2461 3625 2604 3679 allen

1578 3693 1752 3744 ausser
1783 3690 1882 3743 den
1918 3692 2031 3744 Stoi
2070 3709 2176 3745 ern.

1648 3762 1731 3813 21.
1754 3762 1830 3812 At
1863 3761 2053 3812 laudm
2074 3766 2172 3813 cet,
2229 3758 2478 3812 Einwand
2504 3776 2602 3815 aus

1578 3826 1696 3880 dem
1721 3826 1879 3879 Siune
1903 3827 1992 3880 der
2013 3827 2311 3894 Epikureer,
2348 3843 2499 3880 wozu
2522 3830 2604 3882 Et
2701 3892 2708 3896 ἢ

2641 1959 2707 2015 20
