2834 4317
480 137 605 199 154
1258 138 1449 193 usna
1482 137 1544 191 v.
1581 141 1802 206 35,101.

471 312 834 391 vidissetque
852 330 985 373 eum
1011 312 1319 393 postridie,
1343 312 1588 374 dixisse:
1608 305 1628 331 ‘
1644 310 1870 375 Vestrae
1882 312 2107 394 quidem
2124 330 2290 374 cenae
2303 329 2422 372 non
2436 309 2639 374 solum

442 404 540 490 jn
562 400 920 479 praesentia,
950 398 1046 459 sed
1073 401 1247 460 etiam
1293 405 1521 478 postero
1552 397 1642 459 die
1670 399 1951 460 iucundas
1977 387 2168 459 sunt'.
2238 396 2391 467 Quid
2407 393 2438 456 Ἰ
2471 397 2642 476 quod

483 503 559 545 ne
581 491 782 544 mente
807 482 1042 563 quidem
1068 491 1229 544 recte
1251 482 1339 545 uti
1369 500 1687 562 possumus
1715 483 1902 544 multo
1933 481 2067 543 cibo
2100 491 2159 544 et
2186 483 2432 562 potione
2466 500 2642 544 com-

475 565 664 649 pleti?
708 568 816 629 Est
856 568 1156 648 praeclara
1203 568 1451 647 epistula
1482 568 1745 630 Platonis
1785 569 1856 629 ad
1887 568 2093 630 Dionis
2122 568 2529 648 propinquoS,
2574 568 2642 629 in

366 505 421 898 ς
479 672 594 735 qua
636 654 924 733 scriptum
968 660 1058 714 est
1099 653 1191 715 his
1231 655 1358 715 fere
1386 652 1615 715 verbis:
1656 645 1818 725 ‘Quo
1849 671 1987 714 cum
2016 653 2306 715 venissem
2325 698 2342 728 ,
2387 652 2508 714 vita
2535 652 2646 715 illa
2687 664 2709 678 '

478 740 673 813 beata,
718 757 869 818 quae
915 737 1244 809 ferebatur,
1288 738 1465 819 plena
1494 737 1831 800 Italicarum
1861 738 2424 819 Syracusiarumque
2456 757 2642 800 men-

350 845 393 890 s
474 843 693 897 sarum,
738 823 902 885 nullo
944 824 1121 885 modo
1164 824 1307 885 mihi
1351 822 1603 903 placuit,
1653 823 1745 885 bis
1794 824 1855 885 in
1900 823 1997 884 die
2037 832 2301 885 saturum
2343 823 2477 884 fieri
2521 842 2644 885 nec

211 796 347 1003 ff}
370 907 433 1164 Ἰ
478 926 756 988 umquam
804 917 1158 988 pernoctare
1202 908 1430 982 solum,
1485 916 1833 987 ceteraque,
1877 926 2030 988 quae
2082 908 2440 970 comitantur
2494 909 2644 970 huic

475 995 658 1067 vitae,
705 994 766 1054 in
812 1012 928 1073 qua
969 993 1206 1073 sapiens
1236 1012 1414 1055 nemo
1447 993 1738 1055 efficietur
1766 1012 2079 1074 umquam,
2123 994 2462 1055 moderatus
2494 1013 2642 1056 vero

476 1079 661 1139 multo
705 1079 922 1141 minus.
988 1079 1152 1151 Quae
1195 1079 1356 1140 enim
1402 1086 1614 1141 natura
1653 1088 1773 1140 tam
1803 1078 2151 1140 mirabiliter
2172 1079 2494 1159 temperari
2526 1098 2646 1159 po-

377 1154 670 1231 101-test?’
729 1164 861 1235 Quo
904 1166 1080 1225 modo
1123 1164 1304 1243 igitur
1339 1164 1598 1226 iucunda
1639 1165 1758 1225 vita
1801 1172 2000 1244 potest
2041 1183 2198 1239 esse,
2241 1181 2274 1223 a
2317 1182 2432 1243 qua
2484 1164 2645 1227 absit

531 1249 834 1323 rudentia,
871 1248 1026 1310 absit
1052 1248 1423 1311 moderatio?
1462 1250 1551 1311 Ex
1584 1268 1702 1328 quo
1734 1249 2168 1330 Sardanapalli,
2201 1249 2644 1329 opulentissimi

485 1269 896 1416 ἓῖῗιῖἓῒέὲίε,
930 1352 1101 1396 error
1129 1335 1531 1415 adgnoscitur,
1563 1335 1665 1414 qui
1694 1334 1875 1395 incidi
1904 1335 2076 1396 iussit
2102 1335 2163 1396 in
2195 1333 2402 1396 busto:

745 1419 901 1482 Haec
929 1420 1121 1492 habeo,
1155 1440 1298 1500 quae
1327 1420 1422 1482 edi
1449 1439 1699 1501 quaeque
1728 1428 2068 1483 emsaturata
2095 1420 2268 1482 libido

743 1504 990 1579 Hausit;
1037 1514 1098 1567 at
1128 1506 1233 1567 illa
1263 1509 1448 1567 iacent
1475 1505 1661 1567 multa
1690 1517 1746 1568 et
1768 1505 2074 1586 praeclara
2105 1505 2323 1567 relicta.

368 1657 379 1667 ,
483 1584 666 1662 ‘Quid
699 1580 882 1651 aliud'
922 1589 1116 1670 inquit
1146 1589 1494 1653 Aristoteles
1517 1584 1606 1651 ‘in
1639 1590 1835 1665 boviS,
1881 1610 2003 1653 non
2036 1590 2098 1651 in
2129 1590 2320 1671 regiS,
2355 1589 2644 1670 sepulcro

553 1709 601 1760 4.
647 1707 874 1773 epistula
921 1707 1187 1771 Platonis,
1233 1706 1287 1758 in
1332 1705 1510 1772 Bezug
1611 1707 1735 1759 siert
1767 1697 2008 1760 werden'.
2068 1704 2184 1772 vgl.
2209 1704 2244 1758 1.
2272 1711 2352 1772 10,
2378 1708 2469 1760 21:
2514 1711 2649 1758 tem-

486 1775 578 1826 auf
600 1773 760 1826 Dions
783 1773 1103 1839 Ermordung
1136 1775 1256 1838 (353
1281 1790 1331 1826 v.
1358 1774 1510 1841 Chr.)‚
1607 1777 1905 1842 per-atione.

485 1842 576 1893 der
605 1841 836 1893 siebente
870 1857 975 1894 von
1010 1841 1109 1893 den
1146 1841 1511 1909 pseudoplato-
1685 1846 1765 1897 13.
1825 1844 2021 1911 Syriae
2076 1842 2158 1894 fiir
2208 1843 2493 1910 Assyriae,
2558 1842 2646 1894 bei

487 1910 699 1961 nischen
742 1908 946 1960 Briefen
995 1911 1065 1976 (p.
1109 1911 1211 1964 324
1246 1925 1359 1977 sqq.
1398 1909 1511 1976 St.),
1612 1910 1861 1964 Griechen
1890 1910 1994 1963 und
2018 1909 2239 1964 Romern
2273 1910 2414 1962 nicht
2449 1910 2644 1962 selten.

486 1975 1201 2043 fibrigensderBezeicbnung
1218 1979 1512 2044 praeclara
1610 1978 1794 2032 Herod.
1818 1977 1921 2031 Vll.
1948 1980 2037 2032 63:
2073 1964 2224 2030 οὗτοι
2260 1974 2322 2030 δὲ
2354 1975 2429 2043 (οἱ
2444 1970 2647 2029 Ἀσσύ-

488 2045 741 2098 durchaus
766 2044 982 2111 wurdig.
1006 2074 1074 2084 —
1101 2044 1176 2098 Zu
1201 2047 1431 2113 epistula
1455 2064 1509 2102 u.
1647 2051 1737 2113 ιοι)
1771 2043 1883 2100 ὑπὸ
1917 2048 2020 2114 μὲν
2040 2042 2312 2113 Ἑλλήνων
2347 2042 2646 2099 ἐκαλέοντο

489 2114 699 2165 litterae
743 2113 951 2165 werden
997 2113 1081 2166 die
1116 2113 1511 2182 Prfipositionen
1611 2067 1830 2185 Ξῖῦριοι,
1888 2111 1997 2169 ὑπὸ
2050 2111 2111 2166 δὲ
2165 2116 2282 2168 τῶν
2330 2108 2647 2186 βαρβάρων

487 2184 563 2234 ad
601 2181 707 2235 und
741 2200 775 2234 a
810 2182 861 2233 in
897 2181 988 2234 der
1021 2180 1096 2234 Re
1133 2183 1183 2235 el
1227 2183 1361 2236 ohne
1387 2182 1512 2236 Ver·
1603 2179 1874 2254 Ἀσσύριοι
1923 2179 2253 2247 ἐκλήθησαν.
2324 2181 2395 2234 So
2447 2181 2644 2234 Strabo

487 2250 717 2317 bindnng
751 2249 909 2302 durch
933 2251 1046 2303 eine
1120 2251 1390 2304 erhalsorm
1425 2267 1513 2318 ge-
1610 2252 1742 2304 xvl.
1792 2256 1812 2305 l
1858 2252 2358 2312 wiederholentlich;
2415 2251 2523 2302 Cic.
2580 2251 2644 2304 de

487 2323 635 2371 setzt.
705 2317 822 2385 Vgl.
857 2317 894 2370 1.
932 2320 1013 2382 22,
1040 2322 1102 2373 51
1142 2335 1205 2371 zu
1241 2323 1374 2372 sine.
1612 2320 1700 2373 fin.
1723 2321 1781 2375 11.
1814 2323 1897 2385 32,
1926 2322 2022 2373 106
2059 2322 2180 2383 (von
2217 2320 2515 2372 demselben
2544 2320 2647 2373 Ge-

557 2390 605 2440 5.
660 2386 776 2450 Quo
820 2403 941 2439 oum
987 2392 1261 2440 venissem.
1331 2388 1398 2440 Es
1441 2388 1511 2440 ist
1613 2388 1896 2455 genstande
1921 2388 2021 2440 wie
2043 2387 2196 2454 hier);
2223 2386 2364 2441 Suet.
2383 2387 2535 2440 Caes,
2557 2390 2642 2442 22.

488 2470 593 2507 von
627 2454 803 2507 Platos
842 2459 889 2508 1.
925 2454 1077 2508 Reise
1124 2455 1256 2508 nach
1299 2456 1511 2509 Sicilien
1685 2458 1764 2511 14.
1790 2458 1931 2507 Haec
1954 2458 2119 2508 habeo
2145 2461 2244 2508 cet.
2299 2455 2480 2508 Strabo
2500 2456 2643 2510 xlv,

488 2526 608 2604 (389
644 2538 759 2604 anm
798 2523 961 2575 alteru
992 2523 1209 2593 Dionys)
1246 2524 1327 2577 die
1350 2523 1511 2580 Rede.
1613 2529 1661 2606 52
1685 2542 1737 2645 Η.
1764 2524 1961 2605 22oj12,
1984 2525 2128 2605 giebt
2151 2524 2233 2577 die
2258 2525 2444 2591 griech.
2462 2523 2644 2577 Nach-

487 2591 581 2644 Die
617 2595 849 2644 citierten
876 2591 1080 2644 Worte:
1119 2609 1168 2659 p.
1195 2594 1296 2645 236
1331 2593 1381 2644 b.
1407 2592 1484 2645 St.
1610 2594 1683 2645 bil
1721 2608 1825 2660 ung
1852 2608 2004 2657 Jenes
2033 2593 2368 2660 Epigramms,
2404 2608 2505 2645 von
2546 2594 2641 2646 der

566 2661 614 2713 6.
668 2660 988 2711 Italicarum
1067 2661 1513 2728 Syracusius-um·
1612 2662 1788 2714 Cicero
1823 2660 1932 2713 hier
1971 2663 2001 2713 2
2031 2661 2192 2713 Verse
2226 2662 2485 2714 ubersetzt
2526 2662 2643 2726 hat,

490 2744 590 2794 que
612 2743 930 2794 mensarum,
958 2728 1040 2780 die
1065 2729 1119 2780 in
1138 2727 1509 2782 Griechenland
1609 2729 1925 2792 vollstandig
1960 2745 2045 2782 so:

489 2795 896 2863 sprichwortlich
945 2812 1145 2861 waren,
1193 2797 1293 2848 wie
1329 2813 1385 2849 es
1426 2797 1509 2849 die
1678 2786 1758 2850 Εὖ
1786 2793 1957 2860 εἰδώς,
1993 2790 2081 2851 ὅτι
2113 2794 2319 2862 θνητὸς
2346 2800 2487 2867 ἔφυς,
2532 2795 2642 2851 σὸν

489 2863 865 2931 sybaritischeu
917 2865 1051 2916 noch
1103 2864 1189 2915 bei
1235 2879 1331 2916 uns
1375 2865 1509 2918 sind.
1815 2863 2003 2934 θωμὸν
2036 2861 2157 2927 ἄεξε

489 2929 747 2997 Aristoph.
783 2931 867 2982 hei
892 2931 1074 2983 Athen.
1109 2931 1212 2983 XII.
1238 2935 1296 2985 6:
1334 2934 1508 3003 Συρα-
1678 2931 2008 3004 τερπόμενος
2065 2930 2329 3005 θαλίῃσι·
2388 2929 2643 2987 θανόντι

489 3001 694 3049 κοσίων
732 2994 1011 3067 τράπεζαν
1045 2996 1413 3069 Συβαρίτιὸἄε
1446 2996 1503 3052 τ’
1813 3020 1900 3054 τοι
1934 2999 1997 3053 οὔ
2032 3018 2113 3054 τις
2146 3000 2213 3054 ὅν
2249 3016 2347 3053 aas.

489 3062 731 3129 εὐωχίας.
765 3095 834 3104 -
868 3065 960 3119 Die
996 3067 1143 3120 Form
1179 3069 1511 3136 Syracusius
1678 3074 1791 3121 Καὶ
1823 3069 1928 3141 γὰρ
1963 3066 2071 3141 ἐγὼ
2104 3085 2213 3122 σπο
2250 3066 2306 3120 6⁶
2350 3068 2484 3136 εἰμι,
2534 3072 2642 3122 Nl-

490 3135 557 3187 ist
614 3135 714 3185 wie
767 3133 1089 3203 Syracosius
1138 3136 1254 3189 dem
1308 3137 1509 3191 Griech.
1815 3157 1913 3190 νου
1944 3135 2175 3223 μεχάλρε
2209 3134 2556 3205 βασιλεύσας.

489 3202 875 3269 nachgebildet3
908 3204 1030 3268 jene
1055 3203 1215 3258 findet
1240 3206 1347 3259 sich
1373 3205 1510 3258 noch
1680 3205 1840 3258 Κεῖν’
1867 3210 1991 3272 ἔχω,
2016 3201 2120 3259 σ’σσ
2164 3207 2372 3294 ἔφαῖον
2394 3207 2485 3257 καὶ
2506 3204 2645 3275 ἐφύ-

489 3271 553 3324 de
580 3287 652 3324 or.
677 3271 733 3325 ΙΙ.
762 3274 843 3337 13,
870 3275 951 3335 57,
989 3272 1128 3325 diese
1154 3273 1295 3328 ebde.
1320 3274 1399 3326 111.
1426 3277 1508 3340 34,
1814 3279 1997 3344 βρισα,
2033 3278 2125 3326 καὶ
2157 3291 2260 3341 μετ
2325 3276 2364 3326 ἔ
2388 3289 2527 3326 mos

493 3342 589 3394 139
624 3339 729 3392 und
767 3340 829 3393 de
867 3340 952 3393 off.
989 3341 1023 3393 1.
1061 3344 1287 3406 44,155.
1689 3340 1891 3412 Te'qm'
1929 3342 2178 3395 ἔπαθον·
2230 3340 2304 3395 τὰ
2387 3344 2413 3393 ἑ
2453 3339 2644 3394 πολλὰ

559 3411 603 3461 8.
643 3412 973 3461 comitantur
997 3411 1121 3461 huic
1145 3413 1289 3463 vitae
1310 3409 1507 3475 (Platoz
1815 3414 1906 3462 καὶ
1928 3406 2091 3478 ὄλβια
2114 3408 2303 3463 πάντα
2337 3407 2642 3464 λέλειπται.

492 3474 780 3536 ξυνέπεται
813 3477 895 3542 τῷ
933 3481 1079 3543 βίῳ),
1115 3493 1155 3530 s.
1183 3494 1247 3530 zu
1282 3481 1365 3543 24,
1390 3482 1472 3533 68.
1668 3472 1804 3531 ‘'Hd‘s
1854 3476 1996 3548 σοφὴ
2045 3474 2259 3547 βιότοιο
2313 3482 2645 3549 παραίνεσιε

562 3546 640 3596 10.
688 3550 798 3595 tam
832 3546 1173 3611 mirabiliter,
1207 3548 1359 3601 nami.
1395 3547 1508 3600 dass
1813 3544 2221 3617 ἀνθρώποισιν.
2360 3603 2382 3615 φ

489 3610 573 3662 bei
609 3612 749 3664 einer
783 3613 995 3665 solchen
1029 3613 1387 3668 Lebensweise
1428 3618 1511 3681 je·
1609 3615 1710 3668 Des
1736 3616 2040 3668 Aristoteles
2075 3615 2315 3668 tadelnde
2347 3616 2641 3669 Aul'serun-

489 3678 641 3730 mand
661 3680 744 3730 ein
767 3682 921 3733 homo
946 3684 1158 3746 sapiens
1193 3681 1316 3734 oder
1336 3686 1509 3736 mode·
1612 3698 1710 3750 gen
1736 3685 1857 3750 (ng.
1884 3684 1947 3736 de
1972 3682 2059 3736 fin.
2084 3684 2140 3736 11.
2166 3687 2248 3749 32,
2272 3687 2386 3751 106)
2411 3682 2643 3737 darnber
2767 3707 2770 3790 ¹

487 3752 642 3797 ratus
676 3747 879 3800 werden
915 3747 1128 3800 konnte.
1609 3751 1723 3803 sind
1759 3768 1856 3804 uns
1902 3752 2154 3808 direkt
2200 3753 2343 3805 nicht
2383 3751 2641 3806 erhalten.

559 3818 847 3882 temperari
879 3809 1238 3882 ‘eingerichtet
1248 3855 1262 3882 ,
1310 3820 1508 3885 organi·
1608 3818 1848 3873 Treffend
1861 3821 1982 3872 aher
1999 3821 2068 3873 ist
2082 3820 2164 3872 die
2178 3819 2418 3887 Sentenz,
2431 3819 2641 3873 welche
