2834 4317
483 189 565 251 56
1278 188 1470 243 LlBER
1504 187 1589 244 IV.
1627 190 1675 255 2,
1699 192 1749 243 4.
1770 193 1821 243 5.

482 373 544 427 et
583 364 799 426 mentis
842 380 979 427 suas
1022 380 1055 423 a
1098 361 1525 441 cogitationum
1579 360 1913 423 intentione
1959 369 2139 422 cantu
2188 361 2522 441 fidibusque
2565 360 2639 421 ad

480 449 968 529 tranquillitatem
998 447 1327 522 traducere,
1358 447 1757 526 gravissumus
1784 454 1993 507 auctor
2021 446 2082 507 in
2118 445 2464 526 Originibus
2493 445 2642 508 dixit

485 535 626 597 Cato
670 552 898 595 morem
947 532 1105 612 apud
1148 532 1402 594 maiores
1444 533 1607 594 hunc
1648 531 1954 612 epularum
1999 530 2212 607 fuisse,
2258 542 2326 594 ut
2353 532 2639 613 deinceps

485 620 588 700 qui
617 619 979 681 accubarent
1009 626 1294 679 canerent
1333 619 1404 679 ad
1436 616 1640 679 tibiam
1684 617 1977 678 clarorum
2019 616 2282 679 virorum
2320 618 2524 681 laudes
2553 627 2640 679 at-

487 725 603 785 que
645 705 906 766 virtutes·
975 703 1064 764 Ex
1107 721 1227 782 quo
1258 703 1642 783 perspicuum
1688 711 1779 764 est
1821 712 1879 762 et
1922 710 2132 764 cantus
2173 711 2300 762 tum
2341 702 2520 766 fuisse
2552 702 2642 763 di·
2685 709 2717 759 5

412 799 443 849 4
484 791 743 873 scriptos
768 807 980 850 vocum
1026 787 1190 850 sonis
1219 797 1279 850 et
1307 787 1589 850 carmina.
1667 786 2037 866 Quamquam
2083 786 2141 848 id
2185 788 2423 867 quidem
2467 788 2641 850 etiam

485 875 796 938 duodecim
827 872 1055 935 tabulae
1079 873 1399 947 declarant,
1433 872 1611 935 condi
1641 872 1758 933 iam
1789 881 1914 934 tum
1947 872 2183 934 solitum
2217 892 2345 935 esse
2376 891 2641 946 carmen,

483 959 645 1040 quod
689 979 767 1021 ne
808 960 1014 1021 liceret
1056 958 1184 1019 fieri
1229 959 1299 1019 ad
1343 958 1583 1019 alterius
1626 957 1901 1019 iniuriam
1934 957 2063 1037 lege
2093 969 2438 1021 sanxerunt.
2519 959 2641 1020 Nec

483 1063 622 1107 vero
655 1044 798 1106 illud
831 1063 954 1106 non
987 1043 1356 1106 eruditorum
1395 1052 1732 1123 temporum
1777 1052 2189 1122 argumentum
2233 1051 2351 1117 est,
2391 1045 2551 1124 quod
2583 1052 2644 1121 et

484 1131 731 1193 deorum
772 1127 1178 1210 pulvinaribus
1225 1138 1283 1190 et
1324 1128 1515 1211 epulis
1564 1127 2010 1207 magistratuum
2069 1129 2212 1189 fides
2262 1130 2641 1208 praecinunt,
2692 1131 2748 1182 1⁰
2817 1146 2818 1225 χ

484 1216 642 1297 quod
674 1214 984 1295 proprium
1016 1213 1142 1276 eius
1184 1214 1325 1288 fuit,
1369 1214 1444 1276 de
1476 1231 1592 1293 qua
1620 1214 1854 1293 loquor,
1897 1212 2258 1293 disciplinae.
2330 1214 2473 1277 Mihi
2508 1214 2640 1294 qui·

485 1302 623 1363 dem
648 1301 821 1362 etiam
851 1300 1027 1382 Appii
1058 1298 1229 1361 Caeci
1257 1317 1521 1371 carmen,
1557 1298 1714 1378 quod
1749 1297 1913 1358 valde
1943 1298 2258 1360 Panaetius
2289 1300 2486 1362 laudat
2513 1298 2641 1397 epi-

407 1386 639 1453 xstula
669 1386 919 1466 quadam
940 1432 956 1460 ,
989 1402 1139 1464 quae
1170 1393 1262 1446 est
1290 1384 1358 1445 ad
1393 1383 1467 1455 Q.
1497 1383 1898 1457 Tuberonem,
1930 1382 2362 1463 Pythagoreum
2392 1386 2642 1447 videtur.

485 1471 667 1533 Multa
697 1472 869 1533 etiam
901 1478 1043 1533 sunt
1070 1469 1132 1530 in
1158 1470 1381 1531 nostris
1410 1468 1699 1531 institutis
1725 1468 1901 1530 ducta
1932 1466 2162 1544 abillis,
2194 1487 2343 1548 quae
2372 1480 2643 1550 praeter-

490 1575 581 1631 eo,
612 1577 689 1618 ne
721 1575 810 1631 ea,
855 1573 1005 1636 quae
1033 1553 1369 1634 repperisse
1397 1554 1513 1634 ipsi
1542 1563 1840 1634 putamur,
1882 1551 2118 1614 aliunde
2149 1553 2419 1617 didicisse
2449 1555 2645 1617 videa·
2694 1556 2748 1606 15

408 1651 440 1700 5
485 1660 641 1703 mur.
710 1641 825 1703 Sed
858 1649 925 1703 ut
951 1641 1022 1702 ad
1054 1640 1428 1720 propositum
1471 1640 1673 1702 redeat
1702 1638 1923 1713 oratio,
1969 1656 2146 1718 quam
2175 1639 2341 1701 brevi
2370 1649 2644 1722 tempore

552 1779 596 1828 1.
631 1778 822 1826 mentis
854 1803 923 1813 —
958 1775 1255 1828 traducere.
1300 1774 1511 1837 Quintil.

480 1843 564 1895 lx,
601 1845 652 1909 4,
690 1844 777 1894 12:
824 1843 1180 1909 Pythagoreis
1208 1846 1376 1894 moris
1397 1841 1515 1904 fait

479 1939 550 1951 —
596 1926 717 1963 cum
749 1926 992 1961 somnum
1017 1915 1284 1977 peterent,
1326 1912 1398 1962 ad
1434 1913 1513 1980 ly-

480 1994 600 2030 ram
649 1980 806 2046 prius
850 1978 1018 2028 lenire
1065 1984 1289 2044 mentes,
1332 1983 1412 2044 ut,
1466 1982 1516 2029 si

482 2047 615 2113 quid
661 2050 794 2096 esset
828 2047 1191 2097 turbidiorum
1231 2050 1513 2113 cogitatio-

479 2118 1105 2248 nug,issobnrssqss3grg.ffi
1129 2198 1194 2234 zu
1217 2182 1253 2235 1.
1279 2185 1328 2248 2,
1354 2185 1404 2247 3,
1428 2197 1513 2235 wo

482 2251 614 2304 auch
649 2250 878 2303 dieselbe
914 2250 1048 2303 Sitte
1082 2252 1316 2303 erwfihnt
1351 2250 1497 2303 wird.

550 2323 598 2373 4.
635 2319 710 2370 ad
742 2321 931 2371 tibiam
963 2342 1032 2362 -=-
1054 2318 1089 2372 l.
1115 2321 1165 2385 2,
1200 2322 1255 2373 3:
1294 2320 1369 2371 ad
1390 2321 1514 2370 tibi-

480 2391 670 2440 ce’nem.

535 2460 583 2510 5.
595 2456 793 2521 discr-ip
800 2459 1075 2506 tosvocum
1088 2456 1257 2506 sonis:
1272 2454 1400 2506 nach
1413 2453 1510 2506 den

476 2523 656 2577 Tenen
680 2524 771 2576 der
794 2522 1041 2575 Stimmen
1065 2522 1387 2576 harmonisch
1424 2537 1514 2590 ge-

477 2591 726 2659 gliederte
742 2590 867 2644 oder
888 2591 1244 2659 komponicrte
1260 2590 1510 2657 Gesinge.

552 2664 599 2712 ⁸1.
637 2661 918 2712 duodecim
954 2660 1182 2711 tabulae.
1242 2659 1418 2711 Cicero
1446 2658 1510 2711 de

481 2743 588 2795 rep.
622 2727 708 2780 IV.
746 2731 837 2780 1οε
874 2727 983 2779 XII
1000 2729 1214 2780 tabulae
1238 2743 1359 2778 cum
1389 2744 1514 2793 per-

477 2811 682 2862 paucas
726 2812 813 2846 res
847 2798 1022 2860 capite
1062 2797 1398 2859 sanxissent,
1450 2798 1512 2845 in

481 2867 565 2915 liis
609 2865 749 2915 hanc
783 2877 991 2928 quoque
1034 2862 1379 2914 sanciendam
1409 2878 1512 2927 pu-

483 2935 747 2996 taverunt,
782 2933 834 2981 si
858 2933 978 2997 quis
1000 2932 1380 2981 occentavisset
1399 2933 1512 2982 sive

484 3014 701 3050 carmen
759 2998 1110 3062 condidisset,
1164 2998 1311 3064 quod
1364 2995 1511 3058 infa-

478 3069 642 3118 miam
694 3064 899 3127 faceret
947 3068 1281 3130 flagitiumve
1331 3066 1507 3129 alteri,

479 3133 573 3187 Die
597 3134 776 3187 Worte
799 3133 892 3185 des
918 3132 1162 3186 Gesetzes
1197 3133 1360 3185 selbst
1384 3136 1510 3196 (tab.

487 3203 631 3256 VIII.
678 3202 744 3253 de
779 3201 1004 3265 delictis)
1040 3200 1241 3253 lautenz
1275 3205 1355 3252 sei
1389 3206 1513 3267 quei

481 3273 641 3338 (quis)
681 3271 917 3337 pipulod
956 3271 1248 3335 (convicio)
1295 3275 1509 3322 ocenia-

478 3344 553 3392 sit
587 3355 871 3392 car-meave
913 3338 1145 3389 condisit
1170 3338 1510 3404 (condiderit)

485 3408 631 3475 quod
662 3407 950 3469 infamiam
993 3404 1162 3467 facsit
1206 3408 1508 3473 flagitiomq

481 3478 687 3541 alter-ei,
721 3474 867 3537 fuste
899 3472 1106 3536 feritod
1136 3473 1431 3540 (feriatur).

488 3607 490 3611 y
550 3547 598 3598 9.
647 3559 803 3608 vero,
849 3544 951 3596 wie
994 3544 1030 3596 1.
1077 3545 1160 3606 39,
1199 3544 1289 3603 93;
1333 3543 1511 3594 erudi·

480 3617 660 3664 torum
708 3616 1016 3677 temporum,
1063 3611 1178 3663 eine
1215 3610 1297 3662 bei
1334 3610 1510 3663 Cicero

483 3679 601 3733 sehr
619 3678 816 3731 seltene
832 3677 1178 3743 Verbindung,
1194 3677 1384 3743 jedocb
1402 3678 1510 3744 vgl.

482 3747 546 3801 de
593 3747 731 3800 deor.
775 3763 825 3800 n.
861 3747 916 3803 11.
963 3750 1057 3813 18,
1105 3747 1200 3798 48:
1237 3746 1508 3799 eruditum

481 3815 636 3867 illum
649 3815 935 3882 pulverem·
949 3815 1058 3879 (der
1081 3812 1506 3880 Mathematiker).

554 3888 632 3937 10.
684 3884 906 3935 deorum
939 3883 1321 3951 pulvinaribus
1364 3883 1504 3946 (Abi.

1615 1773 1707 1828 der
1750 1773 1878 1840 Zeit,
1913 1774 2015 1827 wie
2061 1775 2465 1840 gladiatoribus
2520 1776 2647 1829 oder

1617 1843 1776 1906 ludis)
1823 1842 2029 1896 bezieht
2075 1843 2184 1895 sich
2230 1844 2321 1895 auf
2362 1844 2445 1896 die
2499 1845 2649 1897 lecti-

1613 1914 1851 1976 sternia,
1910 1911 1958 1963 d.
2013 1911 2063 1964 h.
2122 1910 2205 1963 die
2258 1926 2436 1978 sogen.
2496 1913 2647 1966 Gest-

1614 1979 1813 2031 mfihler
1847 1978 1938 2031 der
1971 1978 2167 2045 Gotter,
2201 1994 2267 2031 an
2296 1981 2528 2033 welchen
2560 1981 2646 2034 die

1617 2045 1989 2111 Gotterbilder,
2049 2046 2140 2099 auf
2188 2046 2367 2100 Kissen
2427 2054 2645 2115 gesetzt,

1617 2114 1938 2234 ⁸5¹¹2¹gf¹i⁸⁶h
1971 2114 2297 2168 teilnahmen.
2351 2116 2457 2170 Liv.
2487 2116 2547 2170 V.
2580 2120 2644 2170 13

1618 2199 1668 2237 u.
1798 2219 1812 2234 .
1854 2186 1933 2236 10.

1685 2251 1857 2316 epulis
1870 2254 2303 2316 magistratuum,
2322 2252 2457 2318 heim
2470 2253 2646 2304 Amts·

1616 2319 1843 2384 anti-itte,
1879 2319 2160 2371 besonders
2194 2319 2285 2371 der
2318 2319 2521 2374 Adilen.

1681 2387 1815 2450 fides
1845 2389 2184 2453 praecinunt.
2251 2387 2396 2440 Auch
2436 2388 2646 2442 hieu-aus

1615 2454 1851 2508 schlietst
1896 2455 1999 2507 Cic.
2044 2455 2211 2508 zuviel
2238 2455 2319 2508 fur
2352 2455 2434 2507 die
2459 2456 2648 2509 Kultur

1614 2522 1707 2574 des
1741 2523 1878 2574 alten
1914 2521 2060 2576 Rom.

1684 2592 1763 2645 12.
1782 2591 1990 2657 Appius
2007 2591 2263 2644 Claudius
2286 2590 2484 2643 Caecus
2506 2592 2650 2659 legte

1615 2658 1693 2710 als
1728 2659 1921 2711 Censor
1967 2661 2060 2713 311
2101 2675 2152 2712 V.
2195 2659 2309 2713 Chr.
2343 2659 2429 2712 die
2463 2662 2647 2727 Appia

1614 2730 1704 2778 via
1739 2726 1843 2778 und
1866 2727 1908 2778 Δ
1950 2727 2168 2779 uiiducte
2203 2742 2285 2792 an,
2320 2742 2429 2779 war
2466 2731 2643 2796 opiter

1613 2794 1850 2846 zweimal
1948 2795 2126 2857 onsul,
2170 2794 2287 2847 'und
2343 2795 2645 2849 hintertrieb

1614 2864 1714 2917 280
1749 2862 1832 2914 die
1856 2862 2253 2929 Abschliefsung
2282 2862 2374 2915 des
2400 2862 2645 2917 Friedens

1612 2931 1707 2983 mit
1750 2929 1993 2998 Pyrrhus,
2071 2930 2171 2983 Das
2215 2930 2326 2983 hier
2381 2932 2646 2984 erwfihnte

1612 2999 1830 3051 Gedicht
1855 2998 2071 3051 euthielt
2107 2997 2512 3067 Sittenspruche,
2535 3016 2647 3052 war

1612 3067 1737 3120 aber
1770 3067 1955 3133 gewits
1991 3067 2133 3119 nicht
2155 3066 2646 3135 Pythagoreischen‚

1615 3134 1835 3188 sondern
1869 3135 1988 3187 echt
2022 3134 2308 3188 romischen
2344 3135 2562 3189 Geistes.

1680 3205 1986 3268 Panaetius,
2021 3219 2082 3255 zu
2117 3203 2153 3256 1.
2194 3205 2274 3269 18,
2309 3205 2392 3256 42.

1612 3271 1928 3403 Ηηῗρῖῗξῖαέ,
1960 3271 2217 3404 atgaggi,
2234 3271 2346 3391 dg?
2358 3271 2645 3408 Emrttggugge

1616 3406 1707 3459 des
1744 3405 2045 3459 Schmenes
2079 3406 2337 3460 handelte.

1683 3478 1765 3529 13.
1813 3473 1873 3538 Q.
1905 3474 2094 3526 Aelius
2133 3474 2366 3538 Tubero,
2402 3473 2492 3527 des
2522 3476 2646 3541 jun-

1614 3555 1740 3609 gern
1785 3541 1960 3609 Scipio
2006 3542 2275 3595 Africanus
2324 3542 2644 3596 Schwester·

1613 3611 1743 3664 sohn
1789 3613 1908 3674 (133
1945 3610 2023 3662 als
2054 3611 2173 3663 trib.
2208 3610 2277 3677 pl.
2314 3610 2388 3664 Ge
2427 3626 2516 3663 ner
2549 3610 2645 3664 des

1611 3677 1726 3731 Tib.
1773 3679 2075 3744 Gracchus),
2127 3678 2327 3731 Freund
2416 3695 2471 3732 er
2519 3679 2646 3732 stoi·

1611 3746 1769 3799 schen
1804 3746 2154 3814 philosophie.

1681 3817 1760 3869 16.
1794 3815 1980 3867 redeat
2004 3818 2199 3881 oratio,
2227 3814 2332 3880 vgl.
2358 3830 2421 3867 zu
2455 3813 2532 3867 111.
2558 3816 2646 3882 33,

1612 3883 1706 3936 80:
1743 3885 2019 3935 aberravit
2056 3887 2247 3936 oratio.
