2834 4317
163 971 227 1024 sk

444 170 528 228 54
1153 224 1159 234 ,
1208 169 1399 223 menn
1434 171 1471 226 1.
1515 173 1594 237 18,
1631 174 1714 225 41.
1751 172 1838 225 42.

2588 295 2603 330 1

437 363 565 417 su0‚
614 344 820 406 doctos
849 362 991 406 sane
1021 345 1312 419 homines,
1360 340 1715 418 omittamus,
1764 361 2020 422 quorum
2065 344 2213 404 alter
2260 362 2334 404 ne
2366 345 2600 407 condo-

433 429 614 491 luisse
646 429 883 508 quidem
913 448 1194 509 umquam
1226 429 1473 502 videtur,
1516 428 1617 506 qui
1657 428 1922 489 animum
1953 447 2018 489 se
2048 428 2265 492 habere
2297 448 2423 490 non
2456 449 2604 492 sen-

433 513 557 587 tiat,
603 514 749 574 alter
802 515 883 576 ita
926 516 1251 576 delectatur
1307 512 1430 576 suis
1475 513 1775 588 cantibuS,
1833 524 1897 574 ut
1940 531 2043 574 eos
2096 514 2274 575 etiam
2331 515 2405 574 ad
2448 516 2604 577 haec

433 600 757 660 transferre
802 608 1072 662 conetur.

1149 597 1534 661 Harmoniam
1578 608 1773 659 autem
1819 617 1894 659 ex
1938 598 2262 660 intervallis
2305 619 2600 662 sonorum

434 703 610 746 nosse
665 703 1011 763 possumus,
1080 704 1336 765 quorum
1394 683 1551 744 varia
1604 682 1956 764 compositio
2012 684 2186 745 etiam
2252 684 2601 749 harmonias
2649 699 2682 747 5

432 769 615 830 efficit
655 770 861 850 pluris,
909 770 1315 832 membrorum
1358 786 1502 831 vero
1547 768 1694 830 situs
1739 778 1798 830 et
1827 770 2016 848 figura
2061 770 2333 849 corporis
2379 789 2597 834 vacans

430 854 630 915 animo
661 873 840 933 quam
870 857 1057 935 possit
1086 856 1456 917 harmoniam
1490 854 1727 916 efficere
1758 875 1882 916 non
1916 853 2103 914 video.
2179 855 2296 916 Sed
2326 855 2424 917 hic
2457 859 2596 935 qui-

429 940 581 1013 dem,
614 940 879 1019 quamvis
909 942 1174 1003 eruditus
1204 942 1297 1017 sit,
1329 941 1483 1002 sicut
1514 948 1621 1012 est,
1653 939 1801 1000 haec
1832 939 2113 1019 magistro
2136 941 2426 1003 concedat
2454 943 2597 1004 Ari-

426 1024 638 1095 stoteli,
671 1042 886 1087 canere
917 1025 1045 1106 ipse
1076 1026 1303 1088 doceat.
1364 1026 1528 1086 Bene
1559 1025 1718 1086 enim
1750 1025 1849 1086 illo
1882 1025 2245 1087 Graecorum
2273 1028 2592 1106 proverbio

427 1110 793 1191 praecipitur
806 1132 820 1171 ι

2651 1124 2719 1173 10

758 1194 950 1267 Quam
982 1196 1213 1278 quisque
1242 1197 1401 1256 norit
1433 1197 1636 1265 artem,
1668 1198 1733 1254 in
1760 1193 1866 1256 ltac
1894 1212 1953 1255 se
1982 1196 2261 1258 eme'rceat.

325 1290 384 1340 42
430 1278 596 1340 Illam
624 1299 766 1342 vero
799 1282 1064 1344 funditus
1109 1282 1388 1343 eiciamus
1434 1280 1873 1341 individuorum
1917 1299 2241 1360 corporum
2286 1280 2498 1342 levium
2531 1293 2591 1344 et

430 1364 827 1427 rotundorum
872 1368 1331 1429 concursionem
1374 1365 1702 1439 fortuitam,
1749 1383 1928 1444 quam
1974 1374 2169 1427 tamen
2216 1366 2589 1429 Democritus

429 1451 889 1512 concalefactam
921 1462 977 1513 et
1007 1452 1369 1532 spirabilem,
1401 1451 1458 1512 id
1491 1460 1583 1512 est
1610 1450 1945 1525 animalem,
1979 1452 2314 1512 essevolt.'

597 1534 653 1595 Is
697 1545 897 1597 autem
925 1538 1177 1612 animuS,
1224 1535 1325 1616 qui
1356 1536 1405 1597 si
1437 1545 1528 1597 est
1571 1536 1788 1597 horum
1834 1545 2113 1615 quattuor
2156 1555 2461 1617 generum,
2517 1555 2590 1598 ex
2641 1548 2710 1597 15

428 1736 510 1787 die
536 1736 840 1788 historische
864 1734 1221 1800 Reihenfolge,
1245 1736 1298 1787 in
1327 1733 1453 1786 wel-

427 1803 545 1854 cher
581 1804 662 1855 die
688 1803 969 1855 Ansichten
1004 1802 1094 1854 der
1128 1802 1454 1855 verschiede·

426 1886 527 1922 nen
573 1869 923 1937 Philosophen
976 1871 1103 1923 fiber
1155 1871 1238 1922 die
1284 1870 1452 1935 Seele,

418 1940 478 2004 je
522 1938 772 1991 nacbdem
827 1940 903 1991 sie
955 1938 1186 1992 dieselbe
1234 1938 1314 1991 l'fir
1366 1939 1451 1991 ein

424 2007 800 2073 selbstiindiges
844 2006 1036 2059 Wesen
1088 2006 1282 2059 bielten
1316 2006 1453 2064 loder

423 2076 582 2136 nicht,
618 2075 891 2141 angeffihrt
915 2075 1045 2127 sind.
1104 2074 1197 2127 Die
1222 2082 1450 2128 ersteren

423 2142 631 2195 werden
658 2144 738 2195 bis
766 2152 791 2205 θ
813 2146 902 2196 41;
929 2145 1240 2209 longissime
1255 2160 1311 2194 se
1330 2144 1455 2206 effe-

421 2216 572 2274 runt,
592 2210 675 2262 die
693 2211 940 2264 letzteren
959 2212 1040 2263 bis
1064 2220 1088 2273 5
1108 2215 1196 2266 422
1216 2228 1324 2262 esse
1341 2212 1457 2265 volt

421 2278 768 2345 besprochen,
814 2280 1014 2332 woraul'
1045 2280 1135 2331 der
1168 2280 1328 2332 Lehre
1364 2280 1456 2332 der

423 2345 630 2399 Stoiker
654 2348 769 2399 eine
792 2348 1000 2414 langere
1019 2347 1330 2415 Erorternng
1364 2363 1451 2415 36·

426 2416 637 2467 widmet
660 2415 808 2468 wird.

494 2486 543 2539 3.
581 2485 656 2535 ad
690 2487 836 2550 haec,
873 2484 922 2537 d.
947 2485 997 2536 h.
1032 2484 1123 2536 auf
1154 2483 1461 2552 philosoph.

420 2550 899 2619 Untersuchungen.
960 2551 1162 2605 Ebenso
1198 2552 1448 2605 nachher:

421 2623 554 2672 haec
589 2622 846 2673 concedat
880 2620 1177 2673 Aristoteli.

491 2690 540 2741 6.
576 2692 713 2739 situs
746 2687 829 2739 die
857 2688 1009 2754 Lege,
1061 2688 1111 2753 d,
1137 2690 1171 2742 i.
1207 2688 1290 2741 die
1326 2689 1451 2741 Ver-

422 2755 654 2821 bindung
689 2755 779 2806 der
808 2755 1012 2808 Glieder
1030 2762 1184 2808 unter
1208 2757 1451 2810 einander

421 2846 490 2867 ==
536 2827 862 2874 constructio
915 2825 1287 2877 membrorum.
1377 2824 1450 2877 So

423 2890 554 2943 auch
589 2890 654 2942 de
688 2889 829 2944 deor.
868 2906 919 2941 n.
952 2891 1012 2942 11.
1050 2892 1145 2956 61,
1185 2893 1310 2945 1532
1353 2908 1455 2943 nec

423 2958 660 3023 figuram
681 2961 950 3025 situmque
971 2962 1329 3010 membrorum
1353 2977 1452 3011 nec

420 3030 632 3091 ingenii
672 3030 970 3094 mentisque
1020 3030 1127 3078 vim
1172 3028 1331 3078 talem
1374 3027 1456 3090 ef-

421 3095 517 3158 fici
544 3097 785 3160 potuisse
817 3092 1067 3156 fortuna.

491 3179 692 3215 vacam
726 3165 924 3229 animo,
959 3163 1092 3216 denn
1129 3162 1302 3218 indem
1336 3163 1450 3216 Ari-

423 3235 555 3284 stox.
591 3230 689 3284 den
710 3230 854 3284 Geist
889 3232 969 3284 fiir
1002 3232 1086 3284 ein
1111 3232 1304 3284 blosses
1325 3231 1451 3284 Ver·

423 3299 640 3352 hfiltniss
677 3300 916 3364 erkliirte,
951 3300 1194 3366 leugnete
1217 3316 1273 3352 er
1297 3300 1449 3352 uber-

421 3368 583 3435 haupt
625 3368 711 3421 die
759 3367 999 3420 Existenz
1046 3368 1318 3420 desselben
1367 3369 1445 3420 als

422 3436 565 3488 eines
606 3437 686 3489 fiir
728 3438 837 3489 sich
881 3435 1250 3489 bestehenden.
1330 3434 1448 3502 vgl.

491 3575 539 3623 8.
573 3575 718 3623 sicut
750 3578 857 3625 est:
892 3589 952 3625 so
986 3574 1115 3625 auch
1140 3578 1203 3624 ut
1226 3578 1304 3624 est
1325 3572 1451 3625 oder

421 3645 486 3691 ut
518 3644 597 3690 est
633 3645 775 3691 certe
809 3639 912 3701 (lv,
951 3643 1032 3705 34,
1071 3643 1173 3703 72).

494 3711 575 3762 11.
595 3724 754 3774 quam
774 3712 995 3775 quisque
1014 3715 1112 3764 cet.
1125 3710 1279 3763 Arist.
1291 3708 1450 3777 Vesp.

425 3779 581 3832 1431:
628 3769 828 3846 ’Ἐρὸοι
857 3794 953 3843 τις,
1006 3781 1075 3844 ἢν
1110 3781 1337 3831 §naevos
1377 3781 1449 3830 εἰ·

423 3841 540 3910 δείη
594 3850 803 3913 τέχνην.
874 3846 992 3902 Hor.
1029 3862 1109 3916 ep.
1146 3848 1182 3915 l,
1222 3850 1310 3913 14,
1355 3850 1448 3903 44:

1558 1734 1731 1797 Quam
1751 1737 1858 1785 scit
1878 1741 2108 1802 uterque
2132 1737 2316 1802 libens,
2352 1740 2590 1800 censebO,

1556 1808 1806 1854 exerceat
1840 1809 2025 1856 artem.
2080 1793 2217 1858 Uber
2239 1806 2324 1858 die
2352 1804 2594 1873 Stellung

1554 1884 1657 1921 von
1696 1873 1920 1938 quisque
1956 1887 1997 1925 s.
2034 1873 2170 1925 oben
2206 1890 2270 1927 zu
2310 1876 2360 1939 2,
2397 1877 2444 1927 4.

1627 1957 1706 2008 12.
1725 1955 1886 2007 Illam
1909 1971 2035 2008 vero
2061 1960 2183 2009 cet.:
2221 1959 2303 2011 die
2322 1958 2483 2010 Lehre
2503 1958 2596 2011 der

1552 2037 1658 2074 von
1693 2023 1792 2074 den
1830 2024 2202 2077 Atomistikern
2239 2042 2599 2092 6633636036-

1554 2105 1654 2142 nen
1703 2090 2011 2158 Epikureer‚
2059 2093 2260 2145 welche
2307 2094 2390 2146 die
2440 2094 2600 2148 Seele

1555 2157 1639 2211 fur
1674 2160 1757 2212 ein
1794 2175 1886 2211 aus
1923 2160 2242 2212 materiellen
2270 2161 2604 2216 Restandtei-

1554 2226 1640 2346 ffin
1675 2232 2229 2294 zusammengesetztes
2253 2228 2489 2282 Produkt
2516 2248 2601 2285 er-

1613 2297 1773 2359 iii-ten,

1622 2384 1910 2437 eiciamus.-
1932 2381 2015 2432 ein
2040 2396 2143 2434 von
2168 2381 2259 2433 der
2280 2381 2460 2435 Biihne
2479 2391 2596 2436 ent-

1553 2447 1754 2501 lehnter
1788 2448 2084 2510 Ausdruck,
2119 2465 2235 2518 syn.
2276 2452 2371 2503 mit
2405 2453 2595 2518 explo-

1552 2518 1700 2579 dem
1738 2517 1845 2582 vgl.
1864 2518 1928 2569 de
1954 2532 2028 2570 or.
2053 2517 2130 2570 Ill.
2158 2521 2243 2583 50,
2278 2522 2413 2573 196.-
2444 2520 2511 2582 fit
2528 2524 2594 2572 in

1551 2588 1787 2653 vocibus,
1804 2591 1867 2636 ut
1884 2603 1919 2636 a
1936 2582 2282 2638 multitudine
2298 2605 2365 2639 ac
2386 2590 2593 2654 populo

1550 2670 1662 2705 non
1695 2654 1854 2704 modo
1890 2658 2138 2706 catervae
2172 2661 2333 2722 atque
2368 2672 2597 2708 concen-

1551 2727 1654 2787 tus,
1676 2723 1770 2772 sed
1792 2725 1952 2773 etiam
1978 2726 2085 2788 ipsi
2122 2727 2229 2774 sibi
2250 2726 2457 2790 singuli
2481 2726 2594 2776 dis-

1552 2795 1831 2856 crepantes
1867 2794 2163 2853 eiciantur3
2212 2792 2277 2844 de
2310 2790 2402 2844 fin.
2438 2792 2500 2847 V.
2539 2795 2592 2858 8,

1553 2860 1644 2910 23:
1682 2858 1932 2923 explosae
1961 2863 2265 2926 eiectaeque
2285 2862 2592 2912 sententiae

1552 2928 1871 2993 Pyrrhonis,
1907 2930 2195 2993 Aristonis,
2228 2929 2397 2981 Erilli
2445 2945 2497 2982 n.
2537 2946 2590 2983 a.

1627 2996 1838 3060 levium,
1874 3010 1916 3047 s.
1959 3000 2037 3063 11,
2075 2999 2157 3049 22.

1629 3065 1709 3116 13.
1729 3079 1890 3128 quam
1926 3069 2119 3128 tamen,
2155 3064 2260 3131 vgl.
2298 3081 2343 3116 z.
2384 3067 2463 3130 12,
2489 3067 2593 3120 27:

1555 3146 1691 3194 quae
1726 3135 1786 3182 in
1822 3132 1986 3183 claris·
2021 3136 2172 3188 viris.

1626 3219 1706 3269 14.
1746 3216 2167 3279 concalefactam
2215 3217 2593 3283 wiirmehaltig.

1550 3282 1690 3335 Nacb
1740 3283 2006 3337 Demokrit
2052 3285 2164 3338 sind
2225 3286 2446 3339 niimlich
2503 3286 2593 3340 die

1548 3352 1734 3403 Atome
1771 3352 1860 3405 der
1886 3352 2053 3419 Seele,
2090 3353 2175 3405 die
2199 3353 2455 3407 kleinsten
2482 3370 2593 3407 von

1552 3420 1720 3485 alten,
1778 3421 1944 3473 denen
2002 3422 2096 3475 des
2147 3421 2338 3475 Feuers
2391 3421 2594 3490 gleich-

1551 3490 1698 3556 artig.

1624 3578 1705 3627 15.
1742 3579 1820 3624 est
1854 3576 2046 3626 horum
2080 3591 2145 3627 zu
2180 3573 2358 3627 diesen
2388 3574 2589 3641 gehort,

1551 3642 1655 3709 vgl.
1682 3642 1799 3696 Hor.
1826 3641 1918 3694 od.
1946 3641 2024 3695 111.
2054 3646 2132 3704 13,
2163 3645 2251 3696 13:
2288 3643 2417 3695 Fies
2433 3646 2591 3696 nobi-

1552 3711 1684 3761 lium
1732 3715 1795 3762 tu
1843 3726 2053 3777 quoque
2096 3709 2356 3773 fontium.
2401 3740 2472 3752 --
2515 3712 2588 3766 Es

1552 3778 1683 3846 folgt
1720 3780 1971 3831 nunmehr
2006 3780 2090 3833 die
2114 3780 2443 3848 Darstellung
2478 3796 2586 3833 von

1551 3847 1755 3900 Ciceros
1790 3849 1997 3914 eigener
2021 3848 2275 3921 „Ansichh
