<?xml version="1.0" encoding="UTF-8"?>
<!DOCTYPE html PUBLIC "-//W3C//DTD XHTML 1.0 Transitional//EN"
    "http://www.w3.org/TR/xhtml1/DTD/xhtml1-transitional.dtd">
<html xmlns="http://www.w3.org/1999/xhtml" xml:lang="en" lang="en">
 <head>
  <title>
</title>
<meta http-equiv="Content-Type" content="text/html;charset=utf-8" />
  <meta name='ocr-system' content='tesseract 3.04.00' />
  <meta name='ocr-capabilities' content='ocr_page ocr_carea ocr_par ocr_line ocrx_word'/>
</head>
<body>
  <div class='ocr_page' id='page_1' title='image "./mtulliiciceroni02sorogoog_0134.png"; bbox 0 0 2834 4317; ppageno 0'>
   <div class='ocr_carea' id='block_1_1' title="bbox 457 172 1844 237">
    <p class='ocr_par' dir='ltr' id='par_1_1' title="bbox 457 172 1844 237">
     <span class='ocr_line' id='line_1_1' title="bbox 457 172 1844 237; baseline -0.002 -9"><span class='ocrx_word' id='word_1_1' title='bbox 457 173 577 230; x_wconf 82' lang='lat'><strong>128</strong></span> <span class='ocrx_word' id='word_1_2' title='bbox 1201 172 1392 225; x_wconf 85' lang='lat' dir='ltr'>LIBER</span> <span class='ocrx_word' id='word_1_3' title='bbox 1427 173 1485 226; x_wconf 93' lang='lat'><strong>11.</strong></span> <span class='ocrx_word' id='word_1_4' title='bbox 1527 176 1607 237; x_wconf 91' lang='lat'><strong>14,</strong></span> <span class='ocrx_word' id='word_1_5' title='bbox 1642 174 1724 225; x_wconf 84' lang='lat'><strong>33.</strong></span> <span class='ocrx_word' id='word_1_6' title='bbox 1762 173 1844 225; x_wconf 86' lang='lat'><strong>34.</strong></span> 
     </span>
    </p>
   </div>
   <div class='ocr_carea' id='block_1_2' title="bbox 447 343 2602 512">
    <p class='ocr_par' dir='ltr' id='par_1_2' title="bbox 447 343 2602 512">
     <span class='ocr_line' id='line_1_2' title="bbox 447 343 2600 426; baseline -0.001 -20"><span class='ocrx_word' id='word_1_7' title='bbox 447 344 667 406; x_wconf 84' lang='lat' dir='ltr'><strong>habere</strong></span> <span class='ocrx_word' id='word_1_8' title='bbox 697 352 756 405; x_wconf 91' lang='lat' dir='ltr'><strong>te</strong></span> <span class='ocrx_word' id='word_1_9' title='bbox 779 343 1069 424; x_wconf 83' lang='lat' dir='ltr'><strong>reliquam</strong></span> <span class='ocrx_word' id='word_1_10' title='bbox 1099 346 1527 426; x_wconf 90' lang='lat' dir='ltr'><strong>supellectilem</strong></span> <span class='ocrx_word' id='word_1_11' title='bbox 1551 347 1786 421; x_wconf 80' lang='lat' dir='ltr'><strong>salvam,</strong></span> <span class='ocrx_word' id='word_1_12' title='bbox 1815 346 2093 407; x_wconf 88' lang='lat' dir='ltr'><strong>virtutem</strong></span> <span class='ocrx_word' id='word_1_13' title='bbox 2114 352 2309 404; x_wconf 83' lang='lat' dir='ltr'><strong>autem</strong></span> <span class='ocrx_word' id='word_1_14' title='bbox 2341 344 2393 405; x_wconf 90' lang='lat' dir='ltr'><strong>si</strong></span> <span class='ocrx_word' id='word_1_15' title='bbox 2421 361 2600 405; x_wconf 83' lang='lat' dir='ltr'><strong>unam</strong></span> 
     </span>
     <span class='ocr_line' id='line_1_3' title="bbox 453 429 2602 512; baseline 0 -22"><span class='ocrx_word' id='word_1_16' title='bbox 453 430 738 505; x_wconf 77' lang='lat' dir='ltr'><strong>amiseri8‚</strong></span> <span class='ocrx_word' id='word_1_17' title='bbox 770 429 881 491; x_wconf 89' lang='lat' dir='ltr'><strong>etsi</strong></span> <span class='ocrx_word' id='word_1_18' title='bbox 904 430 1090 491; x_wconf 80' lang='lat' dir='ltr'><strong>amitti</strong></span> <span class='ocrx_word' id='word_1_19' title='bbox 1121 450 1242 492; x_wconf 91' lang='lat' dir='ltr'><strong>non</strong></span> <span class='ocrx_word' id='word_1_20' title='bbox 1277 440 1476 512; x_wconf 84' lang='lat' dir='ltr'><strong>potest</strong></span> <span class='ocrx_word' id='word_1_21' title='bbox 1497 436 1699 506; x_wconf 79' lang='lat' dir='ltr'><strong>virtuS‚</strong></span> <span class='ocrx_word' id='word_1_22' title='bbox 1730 432 1833 493; x_wconf 93' lang='lat' dir='ltr'><strong>sed</strong></span> <span class='ocrx_word' id='word_1_23' title='bbox 1856 431 1907 493; x_wconf 90' lang='lat' dir='ltr'><strong>si</strong></span> <span class='ocrx_word' id='word_1_24' title='bbox 1936 447 2117 491; x_wconf 86' lang='lat' dir='ltr'><strong>unam</strong></span> <span class='ocrx_word' id='word_1_25' title='bbox 2148 429 2457 491; x_wconf 88' lang='lat' dir='ltr'><strong>confessus</strong></span> <span class='ocrx_word' id='word_1_26' title='bbox 2488 429 2602 491; x_wconf 89' lang='lat' dir='ltr'><strong>eris</strong></span> 
     </span>
    </p>
   </div>
   <div class='ocr_carea' id='block_1_3' title="bbox 345 514 2599 593">
    <p class='ocr_par' dir='ltr' id='par_1_3' title="bbox 345 514 2599 593">
     <span class='ocr_line' id='line_1_4' title="bbox 345 514 2599 593; baseline 0 -18"><span class='ocrx_word' id='word_1_27' title='bbox 345 525 404 575; x_wconf 85' lang='lat'><strong>33</strong></span> <span class='ocrx_word' id='word_1_28' title='bbox 450 524 509 577; x_wconf 91' lang='lat' dir='ltr'><strong>te</strong></span> <span class='ocrx_word' id='word_1_29' title='bbox 555 535 677 577; x_wconf 92' lang='lat' dir='ltr'><strong>non</strong></span> <span class='ocrx_word' id='word_1_30' title='bbox 725 514 963 591; x_wconf 84' lang='lat' dir='ltr'><strong>habere,</strong></span> <span class='ocrx_word' id='word_1_31' title='bbox 1011 516 1233 577; x_wconf 77' lang='lat' dir='ltr'><strong>nullam</strong></span> <span class='ocrx_word' id='word_1_32' title='bbox 1280 536 1409 579; x_wconf 91' lang='lat' dir='ltr'><strong>esse</strong></span> <span class='ocrx_word' id='word_1_33' title='bbox 1440 526 1499 578; x_wconf 90' lang='lat' dir='ltr'><strong>te</strong></span> <span class='ocrx_word' id='word_1_34' title='bbox 1530 514 1914 578; x_wconf 79' lang='lat' dir='ltr'><strong>habiturum?</strong></span> <span class='ocrx_word' id='word_1_35' title='bbox 1971 514 2127 577; x_wconf 89' lang='lat' dir='ltr'><strong>Num</strong></span> <span class='ocrx_word' id='word_1_36' title='bbox 2162 514 2346 593; x_wconf 83' lang='lat' dir='ltr'><strong>igitur</strong></span> <span class='ocrx_word' id='word_1_37' title='bbox 2388 515 2599 576; x_wconf 88' lang='lat' dir='ltr'><strong>fortem</strong></span> 
     </span>
    </p>
   </div>
   <div class='ocr_carea' id='block_1_4' title="bbox 212 1365 362 1429">
    <p class='ocr_par' dir='ltr' id='par_1_4' title="bbox 212 1365 362 1429">
     <span class='ocr_line' id='line_1_5' title="bbox 212 1365 362 1429; baseline 0 0"><span class='ocrx_word' id='word_1_38' title='bbox 212 1414 220 1420; x_wconf 85' lang='grc'><strong>.</strong></span> <span class='ocrx_word' id='word_1_39' title='bbox 252 1365 362 1429; x_wconf 61' lang='lat' dir='ltr'><em>V</em></span> 
     </span>
    </p>
   </div>
   <div class='ocr_carea' id='block_1_5' title="bbox 441 601 2607 1620">
    <p class='ocr_par' dir='ltr' id='par_1_5' title="bbox 447 601 2607 933">
     <span class='ocr_line' id='line_1_6' title="bbox 447 601 2607 682; baseline 0 -21"><span class='ocrx_word' id='word_1_40' title='bbox 447 602 660 675; x_wconf 88' lang='lat' dir='ltr'><strong>virum,</strong></span> <span class='ocrx_word' id='word_1_41' title='bbox 708 619 854 662; x_wconf 90' lang='lat' dir='ltr'><strong>num</strong></span> <span class='ocrx_word' id='word_1_42' title='bbox 886 618 1103 679; x_wconf 81' lang='lat' dir='ltr'><strong>magno</strong></span> <span class='ocrx_word' id='word_1_43' title='bbox 1136 601 1354 677; x_wconf 83' lang='lat' dir='ltr'><strong>animo,</strong></span> <span class='ocrx_word' id='word_1_44' title='bbox 1401 621 1549 663; x_wconf 89' lang='lat' dir='ltr'><strong>num</strong></span> <span class='ocrx_word' id='word_1_45' title='bbox 1579 603 1925 682; x_wconf 84' lang='lat' dir='ltr'><strong>patientem,</strong></span> <span class='ocrx_word' id='word_1_46' title='bbox 1973 619 2118 662; x_wconf 90' lang='lat' dir='ltr'><strong>num</strong></span> <span class='ocrx_word' id='word_1_47' title='bbox 2160 617 2417 678; x_wconf 85' lang='lat' dir='ltr'><strong>gravem,</strong></span> <span class='ocrx_word' id='word_1_48' title='bbox 2460 604 2607 661; x_wconf 71' lang='lat' dir='ltr'><strong>num&#39;</strong></span> 
     </span>
     <span class='ocr_line' id='line_1_7' title="bbox 448 683 2602 768; baseline -0 -20"><span class='ocrx_word' id='word_1_49' title='bbox 448 687 707 748; x_wconf 80' lang='lat' dir='ltr'><strong>humana</strong></span> <span class='ocrx_word' id='word_1_50' title='bbox 738 695 1225 747; x_wconf 83' lang='lat' dir='ltr'><strong>contemnentem</strong></span> <span class='ocrx_word' id='word_1_51' title='bbox 1256 696 1428 768; x_wconf 90' lang='lat' dir='ltr'><strong>potes</strong></span> <span class='ocrx_word' id='word_1_52' title='bbox 1459 687 1657 749; x_wconf 84' lang='lat' dir='ltr'><strong>dicere</strong></span> <span class='ocrx_word' id='word_1_53' title='bbox 1687 698 1788 751; x_wconf 82' lang='lat' dir='ltr'><strong>aut</strong></span> <span class='ocrx_word' id='word_1_54' title='bbox 1818 686 2202 748; x_wconf 82' lang='lat' dir='ltr'><strong>Philoctetam</strong></span> <span class='ocrx_word' id='word_1_55' title='bbox 2235 683 2517 747; x_wconf 63' lang='lat' dir='ltr'><strong>illumzne</strong></span> <span class='ocrx_word' id='word_1_56' title='bbox 2545 693 2602 747; x_wconf 86' lang='lat' dir='ltr'><strong>te</strong></span> 
     </span>
     <span class='ocr_line' id='line_1_8' title="bbox 448 771 2299 851; baseline -0.001 -18"><span class='ocrx_word' id='word_1_57' title='bbox 448 773 611 833; x_wconf 92' lang='lat' dir='ltr'><strong>enim</strong></span> <span class='ocrx_word' id='word_1_58' title='bbox 640 771 794 832; x_wconf 81' lang='lat' dir='ltr'><strong>malo</strong></span> <span class='ocrx_word' id='word_1_59' title='bbox 827 772 1153 845; x_wconf 89' lang='lat' dir='ltr'><strong>discedere,</strong></span> <span class='ocrx_word' id='word_1_60' title='bbox 1184 773 1287 834; x_wconf 90' lang='lat' dir='ltr'><strong>sed</strong></span> <span class='ocrx_word' id='word_1_61' title='bbox 1317 773 1416 834; x_wconf 88' lang='lat' dir='ltr'><strong>ille</strong></span> <span class='ocrx_word' id='word_1_62' title='bbox 1448 781 1608 835; x_wconf 90' lang='lat' dir='ltr'><strong>certe</strong></span> <span class='ocrx_word' id='word_1_63' title='bbox 1638 794 1763 835; x_wconf 90' lang='lat' dir='ltr'><strong>non</strong></span> <span class='ocrx_word' id='word_1_64' title='bbox 1795 772 1984 847; x_wconf 80' lang='lat' dir='ltr'><strong>fortiS,</strong></span> <span class='ocrx_word' id='word_1_65' title='bbox 2016 771 2118 851; x_wconf 90' lang='lat' dir='ltr'><strong>qui</strong></span> <span class='ocrx_word' id='word_1_66' title='bbox 2147 771 2299 832; x_wconf 82' lang='lat' dir='ltr'><strong>iacet</strong></span> 
     </span>
     <span class='ocr_line' id='line_1_9' title="bbox 1162 859 1642 933; baseline 0.004 -15"><span class='ocrx_word' id='word_1_67' title='bbox 1162 860 1228 920; x_wconf 79' lang='lat' dir='ltr'><strong>in</strong></span> <span class='ocrx_word' id='word_1_68' title='bbox 1259 869 1395 921; x_wconf 84' lang='lat' dir='ltr'><strong>tecto</strong></span> <span class='ocrx_word' id='word_1_69' title='bbox 1425 859 1642 933; x_wconf 70' lang='lat' dir='ltr'><strong>umido,</strong></span> 
     </span>
    </p>

    <p class='ocr_par' dir='ltr' id='par_1_6' title="bbox 863 940 2183 1025">
     <span class='ocr_line' id='line_1_10' title="bbox 863 940 2183 1025; baseline 0.002 -23"><span class='ocrx_word' id='word_1_70' title='bbox 863 940 1037 1013; x_wconf 84' lang='lat' dir='ltr'><strong>Quod</strong></span> <span class='ocrx_word' id='word_1_71' title='bbox 1045 942 1304 1018; x_wconf 64' lang='lat' dir='ltr'><strong>¹eiulatu,</strong></span> <span class='ocrx_word' id='word_1_72' title='bbox 1335 948 1559 1025; x_wconf 73' lang='lat' dir='ltr'><strong>questu,</strong></span> <span class='ocrx_word' id='word_1_73' title='bbox 1587 948 1820 1023; x_wconf 75' lang='lat' dir='ltr'><strong>yemitu,</strong></span> <span class='ocrx_word' id='word_1_74' title='bbox 1851 941 2183 1021; x_wconf 67' lang='lat' dir='ltr'><strong>fremitibus</strong></span> 
     </span>
    </p>

    <p class='ocr_par' dir='ltr' id='par_1_7' title="bbox 441 1026 2604 1620">
     <span class='ocr_line' id='line_1_11' title="bbox 856 1026 2122 1111; baseline 0.001 -24"><span class='ocrx_word' id='word_1_75' title='bbox 856 1026 1202 1091; x_wconf 78' lang='lat' dir='ltr'><strong>Resondndo</strong></span> <span class='ocrx_word' id='word_1_76' title='bbox 1231 1039 1461 1092; x_wconf 85' lang='lat' dir='ltr'><strong>mutum</strong></span> <span class='ocrx_word' id='word_1_77' title='bbox 1488 1030 1705 1111; x_wconf 70' lang='lat' dir='ltr'><strong>flebilis</strong></span> <span class='ocrx_word' id='word_1_78' title='bbox 1734 1031 1896 1091; x_wconf 81' lang='lat' dir='ltr'><strong>voce&#39;s</strong></span> <span class='ocrx_word' id='word_1_79' title='bbox 1924 1029 2122 1108; x_wconf 79' lang='lat' dir='ltr'><strong>refert.</strong></span> 
     </span>
     <span class='ocr_line' id='line_1_12' title="bbox 445 1110 2599 1216; baseline 0 -45"><span class='ocrx_word' id='word_1_80' title='bbox 445 1110 580 1172; x_wconf 91' lang='lat' dir='ltr'><strong>Non</strong></span> <span class='ocrx_word' id='word_1_81' title='bbox 627 1130 739 1190; x_wconf 86' lang='lat' dir='ltr'><strong>ego</strong></span> <span class='ocrx_word' id='word_1_82' title='bbox 783 1113 1049 1175; x_wconf 92' lang='lat' dir='ltr'><strong>dolorem</strong></span> <span class='ocrx_word' id='word_1_83' title='bbox 1081 1116 1345 1177; x_wconf 88' lang='lat' dir='ltr'><strong>dolorem</strong></span> <span class='ocrx_word' id='word_1_84' title='bbox 1377 1137 1508 1179; x_wconf 89' lang='lat' dir='ltr'><strong>esse</strong></span> <span class='ocrx_word' id='word_1_85' title='bbox 1541 1135 1696 1216; x_wconf 59' lang='lat'>{¹35⁰</span> <span class='ocrx_word' id='word_1_86' title='bbox 1720 1151 1812 1200; x_wconf 78' lang='lat' dir='ltr'><strong>T·</strong></span> <span class='ocrx_word' id='word_1_87' title='bbox 1842 1133 1953 1176; x_wconf 91' lang='lat' dir='ltr'><strong>cur</strong></span> <span class='ocrx_word' id='word_1_88' title='bbox 1981 1114 2139 1175; x_wconf 89' lang='lat' dir='ltr'><strong>enim</strong></span> <span class='ocrx_word' id='word_1_89' title='bbox 2184 1112 2466 1174; x_wconf 86' lang='lat' dir='ltr'><strong>fortitudo</strong></span> <span class='ocrx_word' id='word_1_90' title='bbox 2498 1110 2599 1172; x_wconf 91' lang='lat' dir='ltr'><strong>de-</strong></span> 
     </span>
     <span class='ocr_line' id='line_1_13' title="bbox 443 1184 2602 1283; baseline 0 -26"><span class='ocrx_word' id='word_1_91' title='bbox 443 1196 848 1260; x_wconf 77' lang='lat' dir='ltr'><strong>sideraretur?</strong></span> <span class='ocrx_word' id='word_1_92' title='bbox 890 1233 977 1244; x_wconf 91' lang='lat'><strong>——</strong></span> <span class='ocrx_word' id='word_1_93' title='bbox 1016 1201 1120 1261; x_wconf 91' lang='lat' dir='ltr'><strong>sed</strong></span> <span class='ocrx_word' id='word_1_94' title='bbox 1165 1220 1303 1263; x_wconf 92' lang='lat' dir='ltr'><strong>eum</strong></span> <span class='ocrx_word' id='word_1_95' title='bbox 1334 1184 1784 1283; x_wconf 47' lang='lat' dir='ltr'><strong>{fiifff-imrdico</strong></span> <span class='ocrx_word' id='word_1_96' title='bbox 1829 1200 2143 1282; x_wconf 82' lang='lat' dir='ltr'><strong>patientia,</strong></span> <span class='ocrx_word' id='word_1_97' title='bbox 2199 1198 2249 1260; x_wconf 91' lang='lat' dir='ltr'><strong>si</strong></span> <span class='ocrx_word' id='word_1_98' title='bbox 2295 1196 2468 1259; x_wconf 89' lang='lat' dir='ltr'><strong>modo</strong></span> <span class='ocrx_word' id='word_1_99' title='bbox 2513 1205 2602 1258; x_wconf 89' lang='lat' dir='ltr'><strong>est</strong></span> 
     </span>
     <span class='ocr_line' id='line_1_14' title="bbox 444 1281 2602 1367; baseline -0.001 -23"><span class='ocrx_word' id='word_1_100' title='bbox 444 1281 639 1360; x_wconf 79' lang='lat' dir='ltr'><strong>aliqua</strong></span> <span class='ocrx_word' id='word_1_101' title='bbox 670 1285 981 1363; x_wconf 82' lang='lat' dir='ltr'><strong>patientia3</strong></span> <span class='ocrx_word' id='word_1_102' title='bbox 1028 1286 1076 1347; x_wconf 93' lang='lat' dir='ltr'><strong>si</strong></span> <span class='ocrx_word' id='word_1_103' title='bbox 1107 1287 1269 1355; x_wconf 78' lang='lat' dir='ltr'><strong>nulla</strong></span> <span class='ocrx_word' id='word_1_104' title='bbox 1299 1295 1408 1362; x_wconf 91' lang='lat' dir='ltr'><strong>est,</strong></span> <span class='ocrx_word' id='word_1_105' title='bbox 1458 1288 1597 1367; x_wconf 91' lang='lat' dir='ltr'><strong>quid</strong></span> <span class='ocrx_word' id='word_1_106' title='bbox 1636 1304 1995 1349; x_wconf 84' lang='lat' dir='ltr'><strong>exornamus</strong></span> <span class='ocrx_word' id='word_1_107' title='bbox 2038 1283 2472 1365; x_wconf 78' lang='lat' dir='ltr'><strong>philosophiam</strong></span> <span class='ocrx_word' id='word_1_108' title='bbox 2503 1290 2602 1343; x_wconf 78' lang='lat' dir='ltr'><strong>aut</strong></span> 
     </span>
     <span class='ocr_line' id='line_1_15' title="bbox 445 1369 2600 1452; baseline 0 -24"><span class='ocrx_word' id='word_1_109' title='bbox 445 1369 585 1446; x_wconf 89' lang='lat' dir='ltr'><strong>quid</strong></span> <span class='ocrx_word' id='word_1_110' title='bbox 619 1369 747 1430; x_wconf 90' lang='lat' dir='ltr'><strong>eius</strong></span> <span class='ocrx_word' id='word_1_111' title='bbox 775 1371 1022 1433; x_wconf 89' lang='lat' dir='ltr'><strong>nomine</strong></span> <span class='ocrx_word' id='word_1_112' title='bbox 1053 1372 1294 1452; x_wconf 87' lang='lat' dir='ltr'><strong>gloriosi</strong></span> <span class='ocrx_word' id='word_1_113' title='bbox 1328 1372 1580 1435; x_wconf 77' lang='lat' dir='ltr'><strong>sumus?</strong></span> <span class='ocrx_word' id='word_1_114' title='bbox 1625 1373 1842 1452; x_wconf 86' lang='lat' dir='ltr'><strong>Pungit</strong></span> <span class='ocrx_word' id='word_1_115' title='bbox 1872 1370 2063 1445; x_wconf 85' lang='lat' dir='ltr'><strong>dolor,</strong></span> <span class='ocrx_word' id='word_1_116' title='bbox 2091 1370 2186 1431; x_wconf 85' lang='lat' dir='ltr'><strong>vel</strong></span> <span class='ocrx_word' id='word_1_117' title='bbox 2215 1369 2397 1430; x_wconf 83' lang='lat' dir='ltr'><strong>fodiat</strong></span> <span class='ocrx_word' id='word_1_118' title='bbox 2424 1386 2600 1429; x_wconf 84' lang='lat' dir='ltr'><strong>sane:</strong></span> 
     </span>
     <span class='ocr_line' id='line_1_16' title="bbox 444 1452 2600 1536; baseline 0 -23"><span class='ocrx_word' id='word_1_119' title='bbox 444 1453 493 1513; x_wconf 90' lang='lat' dir='ltr'><strong>si</strong></span> <span class='ocrx_word' id='word_1_120' title='bbox 526 1454 723 1516; x_wconf 91' lang='lat' dir='ltr'><strong>nudus</strong></span> <span class='ocrx_word' id='word_1_121' title='bbox 753 1475 835 1532; x_wconf 95' lang='lat' dir='ltr'><strong>es,</strong></span> <span class='ocrx_word' id='word_1_122' title='bbox 868 1458 941 1518; x_wconf 81' lang='lat' dir='ltr'><strong>da</strong></span> <span class='ocrx_word' id='word_1_123' title='bbox 970 1457 1269 1536; x_wconf 82' lang='lat' dir='ltr'><strong>iugulum3</strong></span> <span class='ocrx_word' id='word_1_124' title='bbox 1304 1459 1396 1520; x_wconf 90' lang='lat' dir='ltr'><strong>sin</strong></span> <span class='ocrx_word' id='word_1_125' title='bbox 1428 1468 1622 1521; x_wconf 87' lang='lat' dir='ltr'><strong>tectus</strong></span> <span class='ocrx_word' id='word_1_126' title='bbox 1653 1458 1949 1519; x_wconf 83' lang='lat' dir='ltr'><strong>Volcaniis</strong></span> <span class='ocrx_word' id='word_1_127' title='bbox 1979 1456 2176 1530; x_wconf 84' lang='lat' dir='ltr'><strong>armis,</strong></span> <span class='ocrx_word' id='word_1_128' title='bbox 2220 1454 2282 1515; x_wconf 89' lang='lat' dir='ltr'><strong>id</strong></span> <span class='ocrx_word' id='word_1_129' title='bbox 2311 1461 2401 1516; x_wconf 89' lang='lat' dir='ltr'><strong>est</strong></span> <span class='ocrx_word' id='word_1_130' title='bbox 2431 1452 2600 1515; x_wconf 87' lang='lat' dir='ltr'><strong>forti-</strong></span> 
     </span>
     <span class='ocr_line' id='line_1_17' title="bbox 441 1538 2604 1620; baseline 0.001 -23"><span class='ocrx_word' id='word_1_131' title='bbox 441 1539 675 1615; x_wconf 84' lang='lat' dir='ltr'><strong>tudine,</strong></span> <span class='ocrx_word' id='word_1_132' title='bbox 721 1542 961 1615; x_wconf 86' lang='lat' dir='ltr'><strong>resiste3</strong></span> <span class='ocrx_word' id='word_1_133' title='bbox 1005 1542 1150 1604; x_wconf 84' lang='lat' dir='ltr'><strong>haec</strong></span> <span class='ocrx_word' id='word_1_134' title='bbox 1193 1544 1353 1605; x_wconf 86' lang='lat' dir='ltr'><strong>enirn</strong></span> <span class='ocrx_word' id='word_1_135' title='bbox 1399 1553 1478 1619; x_wconf 87' lang='lat' dir='ltr'><strong>te,</strong></span> <span class='ocrx_word' id='word_1_136' title='bbox 1525 1544 1639 1606; x_wconf 90' lang='lat' dir='ltr'><strong>nisi</strong></span> <span class='ocrx_word' id='word_1_137' title='bbox 1679 1544 1759 1604; x_wconf 80' lang='lat' dir='ltr'><strong>ita</strong></span> <span class='ocrx_word' id='word_1_138' title='bbox 1802 1543 2013 1617; x_wconf 76' lang='lat' dir='ltr'><strong>sacieS,</strong></span> <span class='ocrx_word' id='word_1_139' title='bbox 2058 1549 2259 1602; x_wconf 86' lang='lat' dir='ltr'><strong>custos</strong></span> <span class='ocrx_word' id='word_1_140' title='bbox 2301 1538 2604 1620; x_wconf 84' lang='lat' dir='ltr'><strong>dignitatis</strong></span> 
     </span>
    </p>
   </div>
   <div class='ocr_carea' id='block_1_6' title="bbox 2644 1123 2702 1173">
    <p class='ocr_par' dir='ltr' id='par_1_8' title="bbox 2644 1123 2702 1173">
     <span class='ocr_line' id='line_1_18' title="bbox 2644 1123 2702 1173; baseline 0.017 -1"><span class='ocrx_word' id='word_1_141' title='bbox 2644 1123 2702 1173; x_wconf 85' lang='lat'><strong>10</strong></span> 
     </span>
    </p>
   </div>
   <div class='ocr_carea' id='block_1_7' title="bbox 2647 1547 2706 1597">
    <p class='ocr_par' dir='ltr' id='par_1_9' title="bbox 2647 1547 2706 1597">
     <span class='ocr_line' id='line_1_19' title="bbox 2647 1547 2706 1597; baseline -0.017 0"><span class='ocrx_word' id='word_1_142' title='bbox 2647 1547 2706 1597; x_wconf 81' lang='lat'><strong>15</strong></span> 
     </span>
    </p>
   </div>
   <div class='ocr_carea' id='block_1_8' title="bbox 65 1624 2603 1794">
    <p class='ocr_par' dir='ltr' id='par_1_10' title="bbox 65 1624 2603 1794">
     <span class='ocr_line' id='line_1_20' title="bbox 65 1624 2603 1729; baseline 0.001 -48"><span class='ocrx_word' id='word_1_143' title='bbox 65 1655 69 1657; x_wconf 14' lang='grc' dir='ltr'>ἡ</span> <span class='ocrx_word' id='word_1_144' title='bbox 165 1625 278 1729; x_wconf 39' lang='lat' dir='ltr'><strong>sm,</strong></span> <span class='ocrx_word' id='word_1_145' title='bbox 337 1632 399 1681; x_wconf 85' lang='lat'><strong>34</strong></span> <span class='ocrx_word' id='word_1_146' title='bbox 441 1624 740 1723; x_wconf 76' lang='lat' dir='ltr'><strong>relinquet</strong></span> <span class='ocrx_word' id='word_1_147' title='bbox 785 1636 842 1688; x_wconf 90' lang='lat' dir='ltr'><strong>et</strong></span> <span class='ocrx_word' id='word_1_148' title='bbox 886 1627 1135 1690; x_wconf 83' lang='lat' dir='ltr'><strong>deseret.</strong></span> <span class='ocrx_word' id='word_1_149' title='bbox 1198 1628 1437 1691; x_wconf 88' lang='lat' dir='ltr'><strong>Cretum</strong></span> <span class='ocrx_word' id='word_1_150' title='bbox 1482 1630 1718 1709; x_wconf 87' lang='lat' dir='ltr'><strong>quidem</strong></span> <span class='ocrx_word' id='word_1_151' title='bbox 1763 1628 1945 1707; x_wconf 84' lang='lat' dir='ltr'><strong>leges,</strong></span> <span class='ocrx_word' id='word_1_152' title='bbox 1993 1645 2140 1707; x_wconf 78' lang='lat' dir='ltr'><strong>quas</strong></span> <span class='ocrx_word' id='word_1_153' title='bbox 2180 1626 2301 1687; x_wconf 87' lang='lat' dir='ltr'><strong>sive</strong></span> <span class='ocrx_word' id='word_1_154' title='bbox 2331 1624 2603 1705; x_wconf 89' lang='lat' dir='ltr'><strong>luppiter</strong></span> 
     </span>
     <span class='ocr_line' id='line_1_21' title="bbox 448 1709 2602 1794; baseline 0.001 -26"><span class='ocrx_word' id='word_1_155' title='bbox 448 1727 568 1769; x_wconf 78' lang='lat' dir='ltr'><strong>sive</strong></span> <span class='ocrx_word' id='word_1_156' title='bbox 599 1709 793 1773; x_wconf 77' lang='lat' dir='ltr'><strong>Minos</strong></span> <span class='ocrx_word' id='word_1_157' title='bbox 836 1714 1048 1788; x_wconf 81' lang='lat' dir='ltr'><strong>sanxit,</strong></span> <span class='ocrx_word' id='word_1_158' title='bbox 1094 1714 1168 1775; x_wconf 92' lang='lat' dir='ltr'><strong>de</strong></span> <span class='ocrx_word' id='word_1_159' title='bbox 1207 1715 1359 1776; x_wconf 90' lang='lat' dir='ltr'><strong>Iovis</strong></span> <span class='ocrx_word' id='word_1_160' title='bbox 1403 1715 1642 1794; x_wconf 86' lang='lat' dir='ltr'><strong>quidem</strong></span> <span class='ocrx_word' id='word_1_161' title='bbox 1671 1714 1984 1788; x_wconf 81' lang='lat' dir='ltr'><strong>sententia,</strong></span> <span class='ocrx_word' id='word_1_162' title='bbox 2030 1721 2098 1773; x_wconf 87' lang='lat' dir='ltr'><strong>ut</strong></span> <span class='ocrx_word' id='word_1_163' title='bbox 2137 1720 2349 1792; x_wconf 76' lang='lat' dir='ltr'><strong>poetae</strong></span> <span class='ocrx_word' id='word_1_164' title='bbox 2377 1711 2602 1783; x_wconf 89' lang='lat' dir='ltr'><strong>ferunt,</strong></span> 
     </span>
    </p>
   </div>
   <div class='ocr_carea' id='block_1_9' title="bbox 439 1858 1476 3906">
    <p class='ocr_par' dir='ltr' id='par_1_11' title="bbox 448 1858 1474 2188">
     <span class='ocr_line' id='line_1_22' title="bbox 449 1858 1472 1931; baseline 0.009 -22"><span class='ocrx_word' id='word_1_165' title='bbox 449 1858 792 1912; x_wconf 76' lang='lat' dir='ltr'><strong>eufmerksem</strong></span> <span class='ocrx_word' id='word_1_166' title='bbox 828 1878 891 1914; x_wconf 86' lang='lat' dir='ltr'><strong>zu</strong></span> <span class='ocrx_word' id='word_1_167' title='bbox 928 1864 1166 1924; x_wconf 73' lang='lat' dir='ltr'><strong>machem</strong></span> <span class='ocrx_word' id='word_1_168' title='bbox 1209 1864 1311 1931; x_wconf 83' lang='lat' dir='ltr'><strong>vgl.</strong></span> <span class='ocrx_word' id='word_1_169' title='bbox 1347 1865 1386 1918; x_wconf 91' lang='lat'><strong>1.</strong></span> <span class='ocrx_word' id='word_1_170' title='bbox 1424 1867 1472 1928; x_wconf 89' lang='lat'><strong>8,</strong></span> 
     </span>
     <span class='ocr_line' id='line_1_23' title="bbox 453 1928 1474 1995; baseline 0.004 -16"><span class='ocrx_word' id='word_1_171' title='bbox 453 1930 541 1986; x_wconf 81' lang='lat'><strong>15;</strong></span> <span class='ocrx_word' id='word_1_172' title='bbox 580 1928 633 1978; x_wconf 88' lang='lat' dir='ltr'><strong>in</strong></span> <span class='ocrx_word' id='word_1_173' title='bbox 657 1928 817 1984; x_wconf 67' lang='grc' dir='ltr'><strong>031.Ῑ.</strong></span> <span class='ocrx_word' id='word_1_174' title='bbox 839 1933 887 1993; x_wconf 87' lang='lat'><strong>8,</strong></span> <span class='ocrx_word' id='word_1_175' title='bbox 908 1934 1000 1984; x_wconf 87' lang='lat'><strong>20:</strong></span> <span class='ocrx_word' id='word_1_176' title='bbox 1038 1932 1184 1995; x_wconf 82' lang='lat' dir='ltr'><strong>Quid</strong></span> <span class='ocrx_word' id='word_1_177' title='bbox 1216 1937 1295 1983; x_wconf 84' lang='lat' dir='ltr'><strong>est</strong></span> <span class='ocrx_word' id='word_1_178' title='bbox 1329 1933 1474 1986; x_wconf 72' lang='lat' dir='ltr'><strong>Gati-</strong></span> 
     </span>
     <span class='ocr_line' id='line_1_24' title="bbox 452 1995 1474 2066; baseline 0.008 -22"><span class='ocrx_word' id='word_1_179' title='bbox 452 1995 601 2048; x_wconf 74' lang='lat' dir='ltr'><strong>lina?</strong></span> <span class='ocrx_word' id='word_1_180' title='bbox 634 1999 828 2064; x_wconf 79' lang='lat' dir='ltr'><strong>ecquid</strong></span> <span class='ocrx_word' id='word_1_181' title='bbox 849 2001 1094 2065; x_wconf 83' lang='lat' dir='ltr'><strong>attendis,</strong></span> <span class='ocrx_word' id='word_1_182' title='bbox 1131 2002 1324 2066; x_wconf 81' lang='lat' dir='ltr'><strong>ecquid</strong></span> <span class='ocrx_word' id='word_1_183' title='bbox 1356 2004 1474 2052; x_wconf 84' lang='lat' dir='ltr'><strong>ani-</strong></span> 
     </span>
     <span class='ocr_line' id='line_1_25' title="bbox 448 2064 1471 2122; baseline 0.008 -8"><span class='ocrx_word' id='word_1_184' title='bbox 448 2064 739 2117; x_wconf 80' lang='lat' dir='ltr'><strong>madvertis</strong></span> <span class='ocrx_word' id='word_1_185' title='bbox 781 2069 974 2119; x_wconf 84' lang='lat' dir='ltr'><strong>horum</strong></span> <span class='ocrx_word' id='word_1_186' title='bbox 1015 2070 1348 2122; x_wconf 58' lang='lat' dir='ltr'><strong>silentium&amp;</strong></span> <span class='ocrx_word' id='word_1_187' title='bbox 1404 2069 1471 2122; x_wconf 89' lang='lat' dir='ltr'><strong>du</strong></span> 
     </span>
     <span class='ocr_line' id='line_1_26' title="bbox 450 2133 1200 2188; baseline 0.005 -4"><span class='ocrx_word' id='word_1_188' title='bbox 450 2133 713 2186; x_wconf 82' lang='lat' dir='ltr'><strong>hemerkst</strong></span> <span class='ocrx_word' id='word_1_189' title='bbox 753 2136 888 2188; x_wconf 89' lang='lat' dir='ltr'><strong>doch</strong></span> <span class='ocrx_word' id='word_1_190' title='bbox 927 2136 1065 2188; x_wconf 82' lang='lat' dir='ltr'><strong>wohl</strong></span> <span class='ocrx_word' id='word_1_191' title='bbox 1100 2139 1200 2188; x_wconf 69' lang='grc' dir='ltr'><strong>-Ῥ</strong></span> 
     </span>
    </p>

    <p class='ocr_par' dir='ltr' id='par_1_12' title="bbox 447 2202 1476 2613">
     <span class='ocr_line' id='line_1_27' title="bbox 519 2202 1476 2268; baseline 0.005 -17"><span class='ocrx_word' id='word_1_192' title='bbox 519 2202 584 2252; x_wconf 86' lang='lat' dir='ltr'><strong>de</strong></span> <span class='ocrx_word' id='word_1_193' title='bbox 610 2204 903 2257; x_wconf 79' lang='lat' dir='ltr'><strong>Corinthiis</strong></span> <span class='ocrx_word' id='word_1_194' title='bbox 927 2207 1049 2268; x_wconf 82' lang='lat' dir='ltr'><strong>tuis,</strong></span> <span class='ocrx_word' id='word_1_195' title='bbox 1083 2219 1157 2258; x_wconf 87' lang='lat' dir='ltr'><strong>sc.</strong></span> <span class='ocrx_word' id='word_1_196' title='bbox 1182 2207 1329 2256; x_wconf 85' lang='lat' dir='ltr'><strong>vasis</strong></span> <span class='ocrx_word' id='word_1_197' title='bbox 1351 2206 1476 2259; x_wconf 85' lang='lat' dir='ltr'><strong>oder</strong></span> 
     </span>
     <span class='ocr_line' id='line_1_28' title="bbox 451 2272 1475 2339; baseline 0.002 -15"><span class='ocrx_word' id='word_1_198' title='bbox 451 2276 717 2339; x_wconf 77' lang='lat' dir='ltr'><strong>operibus.</strong></span> <span class='ocrx_word' id='word_1_199' title='bbox 796 2273 889 2325; x_wconf 90' lang='lat' dir='ltr'><strong>Die</strong></span> <span class='ocrx_word' id='word_1_200' title='bbox 940 2272 1328 2325; x_wconf 86' lang='lat' dir='ltr'><strong>korinthischen</strong></span> <span class='ocrx_word' id='word_1_201' title='bbox 1377 2273 1475 2326; x_wconf 86' lang='lat' dir='ltr'><strong>Ge-</strong></span> 
     </span>
     <span class='ocr_line' id='line_1_29' title="bbox 448 2340 1474 2407; baseline 0 -13"><span class='ocrx_word' id='word_1_202' title='bbox 448 2342 595 2407; x_wconf 74' lang='lat' dir='ltr'><strong>ffifse,</strong></span> <span class='ocrx_word' id='word_1_203' title='bbox 626 2357 718 2394; x_wconf 80' lang='lat' dir='ltr'><strong>aus</strong></span> <span class='ocrx_word' id='word_1_204' title='bbox 744 2341 859 2393; x_wconf 86' lang='lat' dir='ltr'><strong>dem</strong></span> <span class='ocrx_word' id='word_1_205' title='bbox 884 2357 1062 2407; x_wconf 77' lang='lat' dir='ltr'><strong>sogen.</strong></span> <span class='ocrx_word' id='word_1_206' title='bbox 1087 2340 1474 2394; x_wconf 85' lang='lat' dir='ltr'><strong>korinthischen</strong></span> 
     </span>
     <span class='ocr_line' id='line_1_30' title="bbox 448 2408 1474 2490; baseline 0 -28"><span class='ocrx_word' id='word_1_207' title='bbox 448 2411 562 2475; x_wconf 88' lang='lat' dir='ltr'><strong>Erz,</strong></span> <span class='ocrx_word' id='word_1_208' title='bbox 597 2412 736 2463; x_wconf 87' lang='lat' dir='ltr'><strong>einer</strong></span> <span class='ocrx_word' id='word_1_209' title='bbox 769 2408 1042 2490; x_wconf 74' lang='lat' dir='ltr'><strong>Mischung</strong></span> <span class='ocrx_word' id='word_1_210' title='bbox 1077 2409 1216 2461; x_wconf 88' lang='lat' dir='ltr'><strong>edler</strong></span> <span class='ocrx_word' id='word_1_211' title='bbox 1248 2409 1474 2474; x_wconf 75' lang='lat' dir='ltr'><strong>Metelle,</strong></span> 
     </span>
     <span class='ocr_line' id='line_1_31' title="bbox 447 2477 1472 2613; baseline 0 -14"><span class='ocrx_word' id='word_1_212' title='bbox 447 2494 731 2600; x_wconf 41' lang='lat' dir='ltr'><strong>{iirtzu</strong></span> <span class='ocrx_word' id='word_1_213' title='bbox 751 2493 1034 2599; x_wconf 56' lang='grc' dir='ltr'><strong>«Υέΐῖἰῗιὲῖ</strong></span> <span class='ocrx_word' id='word_1_214' title='bbox 1064 2477 1472 2613; x_wconf 53' lang='grc' dir='ltr'><strong>ἕιὲᾚιῖιῖᾮῖθ·</strong></span> 
     </span>
    </p>

    <p class='ocr_par' dir='ltr' id='par_1_13' title="bbox 446 2615 1474 3008">
     <span class='ocr_line' id='line_1_32' title="bbox 518 2615 1471 2683; baseline -0.001 -15"><span class='ocrx_word' id='word_1_215' title='bbox 518 2618 566 2668; x_wconf 98' lang='grc'><strong>2.</strong></span> <span class='ocrx_word' id='word_1_216' title='bbox 602 2618 719 2683; x_wconf 87' lang='lat' dir='ltr'><strong>etsi,</strong></span> <span class='ocrx_word' id='word_1_217' title='bbox 755 2616 855 2667; x_wconf 83' lang='lat' dir='ltr'><strong>wie</strong></span> <span class='ocrx_word' id='word_1_218' title='bbox 879 2615 915 2667; x_wconf 89' lang='lat'><strong>1.</strong></span> <span class='ocrx_word' id='word_1_219' title='bbox 939 2618 1024 2678; x_wconf 90' lang='lat'><strong>42,</strong></span> <span class='ocrx_word' id='word_1_220' title='bbox 1048 2618 1132 2669; x_wconf 82' lang='lat'><strong>99.</strong></span> <span class='ocrx_word' id='word_1_221' title='bbox 1177 2616 1318 2667; x_wconf 82' lang='lat' dir='ltr'><strong>Nech</strong></span> <span class='ocrx_word' id='word_1_222' title='bbox 1344 2616 1471 2667; x_wconf 84' lang='lat' dir='ltr'><strong>stoi-</strong></span> 
     </span>
     <span class='ocr_line' id='line_1_33' title="bbox 447 2682 1471 2736; baseline 0.001 -1"><span class='ocrx_word' id='word_1_223' title='bbox 447 2685 596 2735; x_wconf 82' lang='lat' dir='ltr'><strong>echer</strong></span> <span class='ocrx_word' id='word_1_224' title='bbox 642 2683 802 2735; x_wconf 84' lang='lat' dir='ltr'><strong>Lehre</strong></span> <span class='ocrx_word' id='word_1_225' title='bbox 847 2698 1023 2735; x_wconf 82' lang='lat' dir='ltr'><strong>waren</strong></span> <span class='ocrx_word' id='word_1_226' title='bbox 1074 2682 1157 2736; x_wconf 87' lang='lat' dir='ltr'><strong>die</strong></span> <span class='ocrx_word' id='word_1_227' title='bbox 1204 2684 1471 2736; x_wconf 83' lang='lat' dir='ltr'><strong>einzelnen</strong></span> 
     </span>
     <span class='ocr_line' id='line_1_34' title="bbox 446 2750 1474 2817; baseline 0.001 -15"><span class='ocrx_word' id='word_1_228' title='bbox 446 2750 729 2817; x_wconf 77' lang='lat' dir='ltr'><strong>Tugenden</strong></span> <span class='ocrx_word' id='word_1_229' title='bbox 762 2752 855 2803; x_wconf 88' lang='lat' dir='ltr'><strong>mit</strong></span> <span class='ocrx_word' id='word_1_230' title='bbox 879 2751 1121 2803; x_wconf 78' lang='lat' dir='ltr'><strong>einander</strong></span> <span class='ocrx_word' id='word_1_231' title='bbox 1142 2757 1474 2805; x_wconf 87' lang='lat' dir='ltr'><strong>unzertrenn-</strong></span> 
     </span>
     <span class='ocr_line' id='line_1_35' title="bbox 446 2818 1471 2873; baseline 0.001 -2"><span class='ocrx_word' id='word_1_232' title='bbox 446 2819 548 2871; x_wconf 85' lang='lat' dir='ltr'><strong>lich</strong></span> <span class='ocrx_word' id='word_1_233' title='bbox 597 2819 893 2871; x_wconf 86' lang='lat' dir='ltr'><strong>verbunden</strong></span> <span class='ocrx_word' id='word_1_234' title='bbox 949 2819 1054 2870; x_wconf 88' lang='lat' dir='ltr'><strong>und</strong></span> <span class='ocrx_word' id='word_1_235' title='bbox 1099 2818 1294 2871; x_wconf 87' lang='lat' dir='ltr'><strong>konnte</strong></span> <span class='ocrx_word' id='word_1_236' title='bbox 1339 2821 1471 2873; x_wconf 83' lang='lat' dir='ltr'><strong>euch</strong></span> 
     </span>
     <span class='ocr_line' id='line_1_36' title="bbox 447 2885 1471 2953; baseline 0.002 -14"><span class='ocrx_word' id='word_1_237' title='bbox 447 2887 530 2939; x_wconf 89' lang='lat' dir='ltr'><strong>die</strong></span> <span class='ocrx_word' id='word_1_238' title='bbox 549 2887 737 2939; x_wconf 79' lang='lat' dir='ltr'><strong>einmal</strong></span> <span class='ocrx_word' id='word_1_239' title='bbox 754 2887 1081 2939; x_wconf 80' lang='lat' dir='ltr'><strong>vorhendene</strong></span> <span class='ocrx_word' id='word_1_240' title='bbox 1094 2885 1309 2953; x_wconf 78' lang='lat' dir='ltr'><strong>Tugend</strong></span> <span class='ocrx_word' id='word_1_241' title='bbox 1328 2889 1471 2941; x_wconf 79' lang='lat' dir='ltr'><strong>nicht</strong></span> 
     </span>
     <span class='ocr_line' id='line_1_37' title="bbox 451 2954 1161 3008; baseline 0.001 -3"><span class='ocrx_word' id='word_1_242' title='bbox 451 2954 644 3007; x_wconf 87' lang='lat' dir='ltr'><strong>wieder</strong></span> <span class='ocrx_word' id='word_1_243' title='bbox 677 2955 914 3008; x_wconf 83' lang='lat' dir='ltr'><strong>verloren</strong></span> <span class='ocrx_word' id='word_1_244' title='bbox 941 2954 1161 3007; x_wconf 81' lang='lat' dir='ltr'><strong>werden.</strong></span> 
     </span>
    </p>

    <p class='ocr_par' dir='ltr' id='par_1_14' title="bbox 442 3023 1471 3226">
     <span class='ocr_line' id='line_1_38' title="bbox 512 3023 1469 3076; baseline 0.003 -3"><span class='ocrx_word' id='word_1_245' title='bbox 512 3024 608 3074; x_wconf 86' lang='lat' dir='ltr'><strong>sed</strong></span> <span class='ocrx_word' id='word_1_246' title='bbox 649 3023 827 3075; x_wconf 88' lang='lat' dir='ltr'><strong>nimmt</strong></span> <span class='ocrx_word' id='word_1_247' title='bbox 880 3023 978 3075; x_wconf 87' lang='lat' dir='ltr'><strong>den</strong></span> <span class='ocrx_word' id='word_1_248' title='bbox 1024 3023 1469 3076; x_wconf 86' lang='lat' dir='ltr'><strong>unterbrochenen</strong></span> 
     </span>
     <span class='ocr_line' id='line_1_39' title="bbox 444 3090 1471 3157; baseline 0.001 -13"><span class='ocrx_word' id='word_1_249' title='bbox 444 3090 741 3157; x_wconf 79' lang='lat' dir='ltr'><strong>Gedenken,</strong></span> <span class='ocrx_word' id='word_1_250' title='bbox 786 3092 887 3143; x_wconf 82' lang='lat' dir='ltr'><strong>wie</strong></span> <span class='ocrx_word' id='word_1_251' title='bbox 923 3092 1057 3144; x_wconf 87' lang='lat' dir='ltr'><strong>oben</strong></span> <span class='ocrx_word' id='word_1_252' title='bbox 1097 3095 1153 3157; x_wconf 93' lang='lat'><strong>1,</strong></span> <span class='ocrx_word' id='word_1_253' title='bbox 1180 3095 1229 3153; x_wconf 85' lang='lat'><strong>3,</strong></span> <span class='ocrx_word' id='word_1_254' title='bbox 1275 3091 1471 3145; x_wconf 84' lang='lat' dir='ltr'><strong>wieder</strong></span> 
     </span>
     <span class='ocr_line' id='line_1_40' title="bbox 442 3159 1415 3226; baseline 0.001 -14"><span class='ocrx_word' id='word_1_255' title='bbox 442 3160 535 3213; x_wconf 78' lang='lat' dir='ltr'><strong>aus</strong></span> <span class='ocrx_word' id='word_1_256' title='bbox 565 3160 671 3212; x_wconf 88' lang='lat' dir='ltr'><strong>und</strong></span> <span class='ocrx_word' id='word_1_257' title='bbox 705 3159 1005 3212; x_wconf 87' lang='lat' dir='ltr'><strong>rektifiziert</strong></span> <span class='ocrx_word' id='word_1_258' title='bbox 1038 3160 1128 3213; x_wconf 82' lang='lat' dir='ltr'><strong>ihn</strong></span> <span class='ocrx_word' id='word_1_259' title='bbox 1163 3160 1415 3226; x_wconf 77' lang='lat' dir='ltr'><strong>zngleich.</strong></span> 
     </span>
    </p>

    <p class='ocr_par' dir='ltr' id='par_1_15' title="bbox 443 3229 1468 3501">
     <span class='ocr_line' id='line_1_41' title="bbox 512 3229 1468 3284; baseline 0 -2"><span class='ocrx_word' id='word_1_260' title='bbox 512 3233 561 3284; x_wconf 79' lang='lat'><strong>5.</strong></span> <span class='ocrx_word' id='word_1_261' title='bbox 607 3233 706 3280; x_wconf 88' lang='lat' dir='ltr'><strong>aut</strong></span> <span class='ocrx_word' id='word_1_262' title='bbox 738 3229 1083 3281; x_wconf 76' lang='lat' dir='ltr'><strong>Philoctetam</strong></span> <span class='ocrx_word' id='word_1_263' title='bbox 1125 3229 1295 3282; x_wconf 71' lang='lat' dir='ltr'><strong>illuni.</strong></span> <span class='ocrx_word' id='word_1_264' title='bbox 1365 3229 1468 3282; x_wconf 74' lang='lat' dir='ltr'><strong>Das</strong></span> 
     </span>
     <span class='ocr_line' id='line_1_42' title="bbox 443 3296 1468 3351; baseline 0 -2"><span class='ocrx_word' id='word_1_265' title='bbox 443 3299 631 3351; x_wconf 86' lang='lat' dir='ltr'><strong>zweite</strong></span> <span class='ocrx_word' id='word_1_266' title='bbox 675 3296 824 3350; x_wconf 86' lang='lat' dir='ltr'><strong>Glied</strong></span> <span class='ocrx_word' id='word_1_267' title='bbox 877 3302 975 3348; x_wconf 87' lang='lat' dir='ltr'><strong>aut</strong></span> <span class='ocrx_word' id='word_1_268' title='bbox 1015 3302 1067 3349; x_wconf 84' lang='lat' dir='ltr'><strong>te</strong></span> <span class='ocrx_word' id='word_1_269' title='bbox 1116 3298 1186 3351; x_wconf 82' lang='lat' dir='ltr'><strong>iet</strong></span> <span class='ocrx_word' id='word_1_270' title='bbox 1232 3313 1326 3350; x_wconf 78' lang='lat' dir='ltr'><strong>eus</strong></span> <span class='ocrx_word' id='word_1_271' title='bbox 1374 3298 1468 3349; x_wconf 87' lang='lat' dir='ltr'><strong>Ur-</strong></span> 
     </span>
     <span class='ocr_line' id='line_1_43' title="bbox 443 3365 1466 3419; baseline 0.001 -2"><span class='ocrx_word' id='word_1_272' title='bbox 443 3366 643 3418; x_wconf 66' lang='lat' dir='ltr'><strong>banitfit</strong></span> <span class='ocrx_word' id='word_1_273' title='bbox 665 3365 1001 3418; x_wconf 78' lang='lat' dir='ltr'><strong>unterdrfickt</strong></span> <span class='ocrx_word' id='word_1_274' title='bbox 1037 3365 1137 3418; x_wconf 89' lang='lat' dir='ltr'><strong>und</strong></span> <span class='ocrx_word' id='word_1_275' title='bbox 1164 3366 1325 3418; x_wconf 87' lang='lat' dir='ltr'><strong>durch</strong></span> <span class='ocrx_word' id='word_1_276' title='bbox 1350 3368 1466 3419; x_wconf 91' lang='lat' dir='ltr'><strong>eine</strong></span> 
     </span>
     <span class='ocr_line' id='line_1_44' title="bbox 444 3432 1429 3501; baseline 0.001 -16"><span class='ocrx_word' id='word_1_277' title='bbox 444 3434 630 3488; x_wconf 80' lang='lat' dir='ltr'><strong>endere</strong></span> <span class='ocrx_word' id='word_1_278' title='bbox 669 3432 941 3501; x_wconf 82' lang='lat' dir='ltr'><strong>Wendung</strong></span> <span class='ocrx_word' id='word_1_279' title='bbox 975 3439 1164 3486; x_wconf 85' lang='lat' dir='ltr'><strong>ersetzt</strong></span> <span class='ocrx_word' id='word_1_280' title='bbox 1199 3434 1429 3487; x_wconf 82' lang='lat' dir='ltr'><strong>worden.</strong></span> 
     </span>
    </p>

    <p class='ocr_par' dir='ltr' id='par_1_16' title="bbox 439 3490 1469 3906">
     <span class='ocr_line' id='line_1_45' title="bbox 513 3490 1466 3569; baseline 0.001 -15"><span class='ocrx_word' id='word_1_281' title='bbox 513 3505 560 3554; x_wconf 94' lang='lat'><strong>7.</strong></span> <span class='ocrx_word' id='word_1_282' title='bbox 595 3503 796 3569; x_wconf 81' lang='lat' dir='ltr'><strong>umido,</strong></span> <span class='ocrx_word' id='word_1_283' title='bbox 830 3519 872 3556; x_wconf 84' lang='lat' dir='ltr'><strong>s.</strong></span> <span class='ocrx_word' id='word_1_284' title='bbox 898 3518 962 3555; x_wconf 80' lang='lat' dir='ltr'><strong>zu</strong></span> <span class='ocrx_word' id='word_1_285' title='bbox 996 3503 1031 3555; x_wconf 92' lang='grc' dir='ltr'><strong>Ι.</strong></span> <span class='ocrx_word' id='word_1_286' title='bbox 1060 3506 1140 3568; x_wconf 83' lang='grc'><strong>17,</strong></span> <span class='ocrx_word' id='word_1_287' title='bbox 1165 3506 1249 3556; x_wconf 86' lang='grc'><strong>40.</strong></span> <span class='ocrx_word' id='word_1_288' title='bbox 1316 3490 1466 3555; x_wconf 68' lang='lat' dir='ltr'><strong>tibri-</strong></span> 
     </span>
     <span class='ocr_line' id='line_1_46' title="bbox 443 3570 1467 3638; baseline 0.001 -17"><span class='ocrx_word' id='word_1_289' title='bbox 443 3584 571 3635; x_wconf 75' lang='lat' dir='ltr'><strong>gens</strong></span> <span class='ocrx_word' id='word_1_290' title='bbox 604 3571 710 3636; x_wconf 78' lang='lat' dir='ltr'><strong>vgl.</strong></span> <span class='ocrx_word' id='word_1_291' title='bbox 748 3571 811 3623; x_wconf 87' lang='lat' dir='ltr'><strong>de</strong></span> <span class='ocrx_word' id='word_1_292' title='bbox 846 3571 935 3624; x_wconf 87' lang='lat' dir='ltr'><strong>fin.</strong></span> <span class='ocrx_word' id='word_1_293' title='bbox 958 3570 1016 3624; x_wconf 91' lang='lat'><strong>11.</strong></span> <span class='ocrx_word' id='word_1_294' title='bbox 1042 3574 1126 3634; x_wconf 84' lang='lat'><strong>29,</strong></span> <span class='ocrx_word' id='word_1_295' title='bbox 1151 3574 1245 3625; x_wconf 83' lang='lat'><strong>94:</strong></span> <span class='ocrx_word' id='word_1_296' title='bbox 1287 3571 1467 3638; x_wconf 79' lang='lat' dir='ltr'><strong>Turpe</strong></span> 
     </span>
     <span class='ocr_line' id='line_1_47' title="bbox 439 3640 1466 3706; baseline 0.004 -19"><span class='ocrx_word' id='word_1_297' title='bbox 439 3640 739 3704; x_wconf 82' lang='lat' dir='ltr'><strong>putandum</strong></span> <span class='ocrx_word' id='word_1_298' title='bbox 786 3645 886 3701; x_wconf 83' lang='lat' dir='ltr'><strong>est,</strong></span> <span class='ocrx_word' id='word_1_299' title='bbox 937 3655 1047 3691; x_wconf 79' lang='lat' dir='ltr'><strong>non</strong></span> <span class='ocrx_word' id='word_1_300' title='bbox 1099 3640 1219 3692; x_wconf 81' lang='lat' dir='ltr'><strong>dico</strong></span> <span class='ocrx_word' id='word_1_301' title='bbox 1269 3641 1466 3706; x_wconf 84' lang='lat' dir='ltr'><strong>dolere,</strong></span> 
     </span>
     <span class='ocr_line' id='line_1_48' title="bbox 440 3706 1465 3760; baseline 0.004 -4"><span class='ocrx_word' id='word_1_302' title='bbox 440 3706 537 3756; x_wconf 83' lang='lat' dir='ltr'><strong>sed</strong></span> <span class='ocrx_word' id='word_1_303' title='bbox 574 3723 804 3758; x_wconf 71' lang='lat' dir='ltr'><strong>saxum</strong></span> <span class='ocrx_word' id='word_1_304' title='bbox 851 3708 992 3759; x_wconf 83' lang='lat' dir='ltr'><strong>illud</strong></span> <span class='ocrx_word' id='word_1_305' title='bbox 1032 3708 1313 3760; x_wconf 84' lang='lat' dir='ltr'><strong>Lemnium</strong></span> <span class='ocrx_word' id='word_1_306' title='bbox 1359 3709 1465 3760; x_wconf 87' lang='lat' dir='ltr'><strong>cla-</strong></span> 
     </span>
     <span class='ocr_line' id='line_1_49' title="bbox 442 3774 1469 3843; baseline 0.004 -19"><span class='ocrx_word' id='word_1_307' title='bbox 442 3789 591 3825; x_wconf 83' lang='lat' dir='ltr'><strong>more</strong></span> <span class='ocrx_word' id='word_1_308' title='bbox 613 3775 932 3828; x_wconf 79' lang='lat' dir='ltr'><strong>Philocteteo</strong></span> <span class='ocrx_word' id='word_1_309' title='bbox 955 3774 1250 3843; x_wconf 72' lang='lat' dir='ltr'><strong>funestare,</strong></span> <span class='ocrx_word' id='word_1_310' title='bbox 1283 3776 1417 3843; x_wconf 80' lang='lat' dir='ltr'><strong>Quo</strong></span> <span class='ocrx_word' id='word_1_311' title='bbox 1431 3777 1469 3828; x_wconf 80' lang='lat' dir='ltr'><em>d</em></span> 
     </span>
     <span class='ocr_line' id='line_1_50' title="bbox 440 3843 1465 3906; baseline 0.006 -14"><span class='ocrx_word' id='word_1_312' title='bbox 440 3843 710 3895; x_wconf 86' lang='lat' dir='ltr'><strong>eiulatu</strong></span> <span class='ocrx_word' id='word_1_313' title='bbox 753 3873 812 3883; x_wconf 88' lang='lat'>-</span> <span class='ocrx_word' id='word_1_314' title='bbox 851 3843 1091 3906; x_wconf 76' lang='lat' dir='ltr'><strong>refert.</strong></span> <span class='ocrx_word' id='word_1_315' title='bbox 1172 3845 1264 3899; x_wconf 89' lang='lat' dir='ltr'><strong>Die</strong></span> <span class='ocrx_word' id='word_1_316' title='bbox 1307 3845 1465 3898; x_wconf 84' lang='lat' dir='ltr'><strong>Verse</strong></span> 
     </span>
    </p>
   </div>
   <div class='ocr_carea' id='block_1_10' title="bbox 1575 1860 2605 2130">
    <p class='ocr_par' dir='ltr' id='par_1_17' title="bbox 1575 1860 2603 2067">
     <span class='ocr_line' id='line_1_51' title="bbox 1576 1860 2602 1918; baseline -0.008 0"><span class='ocrx_word' id='word_1_317' title='bbox 1576 1864 1690 1918; x_wconf 84' lang='lat' dir='ltr'><strong>sind</strong></span> <span class='ocrx_word' id='word_1_318' title='bbox 1728 1879 1820 1916; x_wconf 76' lang='lat' dir='ltr'><strong>aus</strong></span> <span class='ocrx_word' id='word_1_319' title='bbox 1856 1863 1971 1916; x_wconf 89' lang='lat' dir='ltr'><strong>dem</strong></span> <span class='ocrx_word' id='word_1_320' title='bbox 2010 1862 2274 1915; x_wconf 86' lang='lat' dir='ltr'><strong>Philoktet</strong></span> <span class='ocrx_word' id='word_1_321' title='bbox 2299 1861 2388 1913; x_wconf 85' lang='lat' dir='ltr'><strong>des</strong></span> <span class='ocrx_word' id='word_1_322' title='bbox 2413 1860 2602 1912; x_wconf 85' lang='lat' dir='ltr'><strong>Accius</strong></span> 
     </span>
     <span class='ocr_line' id='line_1_52' title="bbox 1575 1929 2603 1993; baseline -0.002 -10"><span class='ocrx_word' id='word_1_323' title='bbox 1575 1949 1662 1986; x_wconf 80' lang='lat' dir='ltr'><strong>wo</strong></span> <span class='ocrx_word' id='word_1_324' title='bbox 1687 1934 1764 1985; x_wconf 89' lang='lat' dir='ltr'><strong>sie</strong></span> <span class='ocrx_word' id='word_1_325' title='bbox 1783 1932 2034 1985; x_wconf 74' lang='lat' dir='ltr'><strong>natfirlich</strong></span> <span class='ocrx_word' id='word_1_326' title='bbox 2059 1946 2171 1983; x_wconf 82' lang='lat' dir='ltr'><strong>vor</strong></span> <span class='ocrx_word' id='word_1_327' title='bbox 2195 1931 2293 1983; x_wconf 89' lang='lat' dir='ltr'><strong>den</strong></span> <span class='ocrx_word' id='word_1_328' title='bbox 2322 1929 2456 1981; x_wconf 84' lang='lat' dir='ltr'><strong>oben</strong></span> <span class='ocrx_word' id='word_1_329' title='bbox 2482 1931 2603 1993; x_wconf 83' lang='grc'><strong>’7,19</strong></span> 
     </span>
     <span class='ocr_line' id='line_1_53' title="bbox 1577 1996 2603 2067; baseline -0.003 -15"><span class='ocrx_word' id='word_1_330' title='bbox 1577 2002 1811 2054; x_wconf 89' lang='lat' dir='ltr'><strong>citierten</strong></span> <span class='ocrx_word' id='word_1_331' title='bbox 1849 1998 2134 2067; x_wconf 75' lang='lat' dir='ltr'><strong>gestenden</strong></span> <span class='ocrx_word' id='word_1_332' title='bbox 2171 1999 2339 2050; x_wconf 78' lang='lat' dir='ltr'><strong>haben</strong></span> <span class='ocrx_word' id='word_1_333' title='bbox 2375 1996 2603 2049; x_wconf 84' lang='lat' dir='ltr'><strong>werden.</strong></span> 
     </span>
    </p>

    <p class='ocr_par' dir='ltr' id='par_1_18' title="bbox 1646 2056 2605 2130">
     <span class='ocr_line' id='line_1_54' title="bbox 1646 2056 2605 2130; baseline -0.008 -7"><span class='ocrx_word' id='word_1_334' title='bbox 1646 2072 1695 2123; x_wconf 82' lang='lat'><strong>9.</strong></span> <span class='ocrx_word' id='word_1_335' title='bbox 1739 2074 1945 2120; x_wconf 87' lang='lat' dir='ltr'><strong>mutum</strong></span> <span class='ocrx_word' id='word_1_336' title='bbox 1996 2063 2182 2120; x_wconf 80' lang='lat' dir='ltr'><strong>‘selbst</strong></span> <span class='ocrx_word' id='word_1_337' title='bbox 2207 2056 2414 2119; x_wconf 82' lang='lat' dir='ltr'><strong>etumm’</strong></span> <span class='ocrx_word' id='word_1_338' title='bbox 2459 2064 2605 2130; x_wconf 77' lang='lat' dir='ltr'><strong>giebt</strong></span> 
     </span>
    </p>
   </div>
   <div class='ocr_carea' id='block_1_11' title="bbox 1578 2132 2603 2195">
    <p class='ocr_par' dir='ltr' id='par_1_19' title="bbox 1578 2132 2603 2195">
     <span class='ocr_line' id='line_1_55' title="bbox 1578 2132 2603 2195; baseline -0.006 -5"><span class='ocrx_word' id='word_1_339' title='bbox 1578 2138 1744 2190; x_wconf 88' lang='lat' dir='ltr'><strong>neben</strong></span> <span class='ocrx_word' id='word_1_340' title='bbox 1786 2138 2086 2189; x_wconf 79' lang='lat' dir='ltr'><strong>resonando</strong></span> <span class='ocrx_word' id='word_1_341' title='bbox 2122 2152 2276 2188; x_wconf 84' lang='lat' dir='ltr'><strong>voces</strong></span> <span class='ocrx_word' id='word_1_342' title='bbox 2308 2132 2485 2195; x_wconf 74' lang='lat' dir='ltr'><strong>refert</strong></span> <span class='ocrx_word' id='word_1_343' title='bbox 2517 2133 2603 2185; x_wconf 85' lang='lat' dir='ltr'><strong>ein</strong></span> 
     </span>
    </p>
   </div>
   <div class='ocr_carea' id='block_1_12' title="bbox 1575 2205 2487 2409">
    <p class='ocr_par' dir='ltr' id='par_1_20' title="bbox 1575 2205 2487 2409">
     <span class='ocr_line' id='line_1_56' title="bbox 1579 2205 2144 2275; baseline -0.002 -17"><span class='ocrx_word' id='word_1_344' title='bbox 1579 2206 1800 2259; x_wconf 75' lang='lat' dir='ltr'><strong>schonee</strong></span> <span class='ocrx_word' id='word_1_345' title='bbox 1838 2205 2144 2275; x_wconf 74' lang='grc' dir='ltr'><strong>ὀξύμωρον.</strong></span> 
     </span>
     <span class='ocr_line' id='line_1_57' title="bbox 1650 2271 2487 2336; baseline -0.006 -8"><span class='ocrx_word' id='word_1_346' title='bbox 1650 2278 1732 2328; x_wconf 92' lang='grc'><strong>11.</strong></span> <span class='ocrx_word' id='word_1_347' title='bbox 1775 2277 1826 2325; x_wconf 83' lang='lat' dir='ltr'><strong>si</strong></span> <span class='ocrx_word' id='word_1_348' title='bbox 1858 2276 2015 2326; x_wconf 84' lang='lat' dir='ltr'><strong>modo</strong></span> <span class='ocrx_word' id='word_1_349' title='bbox 2075 2288 2224 2325; x_wconf 77' lang='lat' dir='ltr'><strong>wenn</strong></span> <span class='ocrx_word' id='word_1_350' title='bbox 2277 2271 2487 2336; x_wconf 77' lang='lat' dir='ltr'><strong>endere,</strong></span> 
     </span>
     <span class='ocr_line' id='line_1_58' title="bbox 1575 2343 2372 2409; baseline -0.001 -16"><span class='ocrx_word' id='word_1_351' title='bbox 1575 2345 1626 2393; x_wconf 84' lang='lat' dir='ltr'><strong>si</strong></span> <span class='ocrx_word' id='word_1_352' title='bbox 1659 2343 1898 2409; x_wconf 64' lang='lat' dir='ltr'><strong>quiderm</strong></span> <span class='ocrx_word' id='word_1_353' title='bbox 1936 2343 2129 2394; x_wconf 87' lang='lat' dir='ltr'><strong>ehenso</strong></span> <span class='ocrx_word' id='word_1_354' title='bbox 2165 2343 2251 2406; x_wconf 90' lang='lat'><strong>22,</strong></span> <span class='ocrx_word' id='word_1_355' title='bbox 2288 2343 2372 2392; x_wconf 83' lang='lat'><strong>51.</strong></span> 
     </span>
    </p>
   </div>
   <div class='ocr_carea' id='block_1_13' title="bbox 1566 2424 2606 3261">
    <p class='ocr_par' dir='ltr' id='par_1_21' title="bbox 1575 2424 2606 2687">
     <span class='ocr_line' id='line_1_59' title="bbox 1651 2424 2604 2493; baseline -0.008 -13"><span class='ocrx_word' id='word_1_356' title='bbox 1651 2431 1729 2482; x_wconf 89' lang='lat'><strong>12.</strong></span> <span class='ocrx_word' id='word_1_357' title='bbox 1767 2428 1899 2493; x_wconf 80' lang='lat' dir='ltr'><strong>quid</strong></span> <span class='ocrx_word' id='word_1_358' title='bbox 1919 2441 2249 2479; x_wconf 77' lang='lat' dir='ltr'><strong>exornamus</strong></span> <span class='ocrx_word' id='word_1_359' title='bbox 2266 2424 2604 2491; x_wconf 82' lang='lat' dir='ltr'><strong>philosophi-</strong></span> 
     </span>
     <span class='ocr_line' id='line_1_60' title="bbox 1575 2490 2606 2558; baseline -0.004 -11"><span class='ocrx_word' id='word_1_360' title='bbox 1575 2501 1701 2547; x_wconf 81' lang='lat' dir='ltr'><strong>am?</strong></span> <span class='ocrx_word' id='word_1_361' title='bbox 1759 2496 1811 2550; x_wconf 94' lang='lat' dir='ltr'><strong>S.</strong></span> <span class='ocrx_word' id='word_1_362' title='bbox 1848 2512 1895 2549; x_wconf 84' lang='lat' dir='ltr'><strong>z.</strong></span> <span class='ocrx_word' id='word_1_363' title='bbox 1935 2496 1971 2548; x_wconf 89' lang='lat'><strong>1.</strong></span> <span class='ocrx_word' id='word_1_364' title='bbox 1996 2496 2205 2558; x_wconf 83' lang='lat'><strong>47,112</strong></span> <span class='ocrx_word' id='word_1_365' title='bbox 2242 2510 2290 2544; x_wconf 92' lang='lat' dir='ltr'><strong>u.</strong></span> <span class='ocrx_word' id='word_1_366' title='bbox 2328 2492 2434 2558; x_wconf 80' lang='lat' dir='ltr'><strong>vgl.</strong></span> <span class='ocrx_word' id='word_1_367' title='bbox 2467 2490 2524 2543; x_wconf 86' lang='lat'><strong>11.</strong></span> <span class='ocrx_word' id='word_1_368' title='bbox 2551 2493 2606 2556; x_wconf 86' lang='lat'><strong>5,</strong></span> 
     </span>
     <span class='ocr_line' id='line_1_61' title="bbox 1583 2560 2604 2632; baseline -0.005 -16"><span class='ocrx_word' id='word_1_369' title='bbox 1583 2567 1667 2617; x_wconf 83' lang='lat'><strong>12:</strong></span> <span class='ocrx_word' id='word_1_370' title='bbox 1715 2581 1784 2616; x_wconf 83' lang='lat' dir='ltr'><strong>ue</strong></span> <span class='ocrx_word' id='word_1_371' title='bbox 1810 2565 2209 2632; x_wconf 75' lang='lat' dir='ltr'><strong>philosophiam</strong></span> <span class='ocrx_word' id='word_1_372' title='bbox 2241 2560 2384 2622; x_wconf 78' lang='lat' dir='ltr'><strong>falsa</strong></span> <span class='ocrx_word' id='word_1_373' title='bbox 2412 2560 2604 2626; x_wconf 75' lang='lat' dir='ltr'><strong>gloria</strong></span> 
     </span>
     <span class='ocr_line' id='line_1_62' title="bbox 1576 2649 1820 2687; baseline 0.012 -4"><span class='ocrx_word' id='word_1_374' title='bbox 1576 2649 1820 2687; x_wconf 79' lang='lat' dir='ltr'><strong>exornes.</strong></span> 
     </span>
    </p>

    <p class='ocr_par' dir='ltr' id='par_1_22' title="bbox 1566 2712 2606 3195">
     <span class='ocr_line' id='line_1_63' title="bbox 1648 2712 2602 2780; baseline -0.008 -9"><span class='ocrx_word' id='word_1_375' title='bbox 1648 2721 1726 2771; x_wconf 85' lang='lat'><strong>13.</strong></span> <span class='ocrx_word' id='word_1_376' title='bbox 1779 2720 1895 2769; x_wconf 86' lang='lat' dir='ltr'><strong>eius</strong></span> <span class='ocrx_word' id='word_1_377' title='bbox 1945 2719 2161 2768; x_wconf 80' lang='lat' dir='ltr'><strong>nomine</strong></span> <span class='ocrx_word' id='word_1_378' title='bbox 2212 2716 2383 2780; x_wconf 84' lang='lat' dir='ltr'><strong>(unter</strong></span> <span class='ocrx_word' id='word_1_379' title='bbox 2434 2712 2602 2764; x_wconf 88' lang='lat' dir='ltr'><strong>ihrem</strong></span> 
     </span>
     <span class='ocr_line' id='line_1_64' title="bbox 1573 2781 2606 2851; baseline -0.006 -13"><span class='ocrx_word' id='word_1_380' title='bbox 1573 2786 1737 2851; x_wconf 66' lang='lat' dir='ltr'><strong>Tuci,</strong></span> <span class='ocrx_word' id='word_1_381' title='bbox 1793 2802 1877 2838; x_wconf 90' lang='lat' dir='ltr'><strong>um</strong></span> <span class='ocrx_word' id='word_1_382' title='bbox 1929 2785 2065 2837; x_wconf 87' lang='lat' dir='ltr'><strong>ihrer</strong></span> <span class='ocrx_word' id='word_1_383' title='bbox 2119 2782 2315 2847; x_wconf 76' lang='lat' dir='ltr'><strong>willen)</strong></span> <span class='ocrx_word' id='word_1_384' title='bbox 2362 2781 2606 2846; x_wconf 73' lang='lat' dir='ltr'><strong>gloriosi</strong></span> 
     </span>
     <span class='ocr_line' id='line_1_65' title="bbox 1571 2847 2602 2987; baseline -0.008 -12"><span class='ocrx_word' id='word_1_385' title='bbox 1571 2871 1958 2985; x_wconf 46' lang='lat' dir='ltr'><strong>fflnffissff:</strong></span> <span class='ocrx_word' id='word_1_386' title='bbox 1994 2847 2602 2987; x_wconf 46' lang='grc' dir='ltr'><strong>Ξέῖᾯααηᾶἴζίιῑαῖἔιὶαῗιῗ</strong></span> 
     </span>
     <span class='ocr_line' id='line_1_66' title="bbox 1573 2987 2602 3053; baseline -0.008 -9"><span class='ocrx_word' id='word_1_387' title='bbox 1573 2994 1700 3044; x_wconf 80' lang='lat' dir='ltr'><strong>dari</strong></span> <span class='ocrx_word' id='word_1_388' title='bbox 1740 3008 1837 3043; x_wconf 88' lang='lat' dir='ltr'><strong>suo</strong></span> <span class='ocrx_word' id='word_1_389' title='bbox 1882 2993 2119 3052; x_wconf 68' lang='lat' dir='ltr'><strong>nomineg</strong></span> <span class='ocrx_word' id='word_1_390' title='bbox 2165 2987 2222 3040; x_wconf 89' lang='lat'><strong>11.</strong></span> <span class='ocrx_word' id='word_1_391' title='bbox 2261 2992 2308 3053; x_wconf 89' lang='lat'><strong>7,</strong></span> <span class='ocrx_word' id='word_1_392' title='bbox 2345 2988 2438 3039; x_wconf 85' lang='lat'><strong>21:</strong></span> <span class='ocrx_word' id='word_1_393' title='bbox 2483 2988 2602 3053; x_wconf 84' lang='lat' dir='ltr'><strong>qui,</strong></span> 
     </span>
     <span class='ocr_line' id='line_1_67' title="bbox 1572 3060 2601 3120; baseline -0.007 -8"><span class='ocrx_word' id='word_1_394' title='bbox 1572 3078 1694 3112; x_wconf 88' lang='lat' dir='ltr'><strong>cum</strong></span> <span class='ocrx_word' id='word_1_395' title='bbox 1739 3060 2017 3112; x_wconf 72' lang='lat' dir='ltr'><strong>luxuriose</strong></span> <span class='ocrx_word' id='word_1_396' title='bbox 2050 3062 2320 3120; x_wconf 81' lang='lat' dir='ltr'><strong>viverent,</strong></span> <span class='ocrx_word' id='word_1_397' title='bbox 2367 3071 2477 3107; x_wconf 81' lang='lat' dir='ltr'><strong>non</strong></span> <span class='ocrx_word' id='word_1_398' title='bbox 2511 3071 2601 3105; x_wconf 82' lang='lat' dir='ltr'><strong>re-</strong></span> 
     </span>
     <span class='ocr_line' id='line_1_68' title="bbox 1566 3128 2388 3195; baseline -0.002 -15"><span class='ocrx_word' id='word_1_399' title='bbox 1566 3129 2025 3195; x_wconf 80' lang='lat' dir='ltr'><strong>prehenderentur</strong></span> <span class='ocrx_word' id='word_1_400' title='bbox 2062 3143 2124 3178; x_wconf 83' lang='lat' dir='ltr'><strong>eo</strong></span> <span class='ocrx_word' id='word_1_401' title='bbox 2158 3128 2388 3178; x_wconf 79' lang='lat' dir='ltr'><strong>nomine.</strong></span> 
     </span>
    </p>

    <p class='ocr_par' dir='ltr' id='par_1_23' title="bbox 1637 3195 2098 3261">
     <span class='ocr_line' id='line_1_69' title="bbox 1637 3195 2098 3261; baseline 0 -11"><span class='ocrx_word' id='word_1_402' title='bbox 1637 3195 1835 3261; x_wconf 76' lang='lat' dir='ltr'><strong>fodiat,</strong></span> <span class='ocrx_word' id='word_1_403' title='bbox 1872 3195 2098 3250; x_wconf 75' lang='lat' dir='ltr'><strong>wnhlen.</strong></span> 
     </span>
    </p>
   </div>
   <div class='ocr_carea' id='block_1_14' title="bbox 1566 3278 2602 3618">
    <p class='ocr_par' dir='ltr' id='par_1_24' title="bbox 1566 3278 2601 3553">
     <span class='ocr_line' id='line_1_70' title="bbox 1642 3278 2599 3347; baseline -0.008 -11"><span class='ocrx_word' id='word_1_404' title='bbox 1642 3286 1720 3336; x_wconf 88' lang='lat'><strong>14.</strong></span> <span class='ocrx_word' id='word_1_405' title='bbox 1773 3282 1978 3347; x_wconf 79' lang='lat' dir='ltr'><strong>nudus,</strong></span> <span class='ocrx_word' id='word_1_406' title='bbox 2028 3279 2135 3346; x_wconf 76' lang='lat' dir='ltr'><strong>vgl.</strong></span> <span class='ocrx_word' id='word_1_407' title='bbox 2170 3278 2206 3334; x_wconf 89' lang='lat'><strong>1.</strong></span> <span class='ocrx_word' id='word_1_408' title='bbox 2244 3280 2336 3341; x_wconf 79' lang='lat'><strong>35,</strong></span> <span class='ocrx_word' id='word_1_409' title='bbox 2373 3279 2466 3338; x_wconf 82' lang='lat'><strong>86;</strong></span> <span class='ocrx_word' id='word_1_410' title='bbox 2521 3278 2599 3329; x_wconf 82' lang='lat' dir='ltr'><strong>da</strong></span> 
     </span>
     <span class='ocr_line' id='line_1_71' title="bbox 1567 3345 2601 3416; baseline -0.004 -14"><span class='ocrx_word' id='word_1_411' title='bbox 1567 3351 1938 3416; x_wconf 76' lang='lat' dir='ltr'><strong>iugulum‚wie</strong></span> <span class='ocrx_word' id='word_1_412' title='bbox 1956 3349 2039 3401; x_wconf 88' lang='lat' dir='ltr'><strong>ein</strong></span> <span class='ocrx_word' id='word_1_413' title='bbox 2059 3348 2317 3412; x_wconf 77' lang='lat' dir='ltr'><strong>besiegter</strong></span> <span class='ocrx_word' id='word_1_414' title='bbox 2328 3345 2601 3398; x_wconf 76' lang='lat' dir='ltr'><strong>Gladiator</strong></span> 
     </span>
     <span class='ocr_line' id='line_1_72' title="bbox 1566 3411 2601 3485; baseline -0.006 -15"><span class='ocrx_word' id='word_1_415' title='bbox 1566 3421 1762 3471; x_wconf 84' lang='lat' dir='ltr'><strong>seinem</strong></span> <span class='ocrx_word' id='word_1_416' title='bbox 1785 3418 2002 3485; x_wconf 80' lang='lat' dir='ltr'><strong>Gegner.</strong></span> <span class='ocrx_word' id='word_1_417' title='bbox 2038 3416 2155 3483; x_wconf 76' lang='lat' dir='ltr'><strong>Vgl.</strong></span> <span class='ocrx_word' id='word_1_418' title='bbox 2168 3419 2249 3479; x_wconf 91' lang='lat'><strong>17,</strong></span> <span class='ocrx_word' id='word_1_419' title='bbox 2266 3418 2357 3468; x_wconf 88' lang='lat'><strong>41:</strong></span> <span class='ocrx_word' id='word_1_420' title='bbox 2379 3411 2601 3475; x_wconf 77' lang='lat' dir='ltr'><strong>ferrum</strong></span> 
     </span>
     <span class='ocr_line' id='line_1_73' title="bbox 1567 3492 1819 3553; baseline 0.004 -16"><span class='ocrx_word' id='word_1_421' title='bbox 1567 3492 1819 3553; x_wconf 80' lang='lat' dir='ltr'><strong>recipere.</strong></span> 
     </span>
    </p>

    <p class='ocr_par' dir='ltr' id='par_1_25' title="bbox 1638 3548 2602 3618">
     <span class='ocr_line' id='line_1_74' title="bbox 1638 3548 2602 3618; baseline -0.007 -11"><span class='ocrx_word' id='word_1_422' title='bbox 1638 3554 1921 3607; x_wconf 81' lang='lat' dir='ltr'><strong>Volcaniis</strong></span> <span class='ocrx_word' id='word_1_423' title='bbox 1954 3556 2138 3618; x_wconf 74' lang='lat' dir='ltr'><strong>amnis,</strong></span> <span class='ocrx_word' id='word_1_424' title='bbox 2177 3552 2276 3603; x_wconf 76' lang='lat' dir='ltr'><strong>wie</strong></span> <span class='ocrx_word' id='word_1_425' title='bbox 2301 3548 2470 3602; x_wconf 84' lang='lat' dir='ltr'><strong>Achill</strong></span> <span class='ocrx_word' id='word_1_426' title='bbox 2506 3549 2602 3601; x_wconf 88' lang='lat' dir='ltr'><strong>bei</strong></span> 
     </span>
    </p>
   </div>
   <div class='ocr_carea' id='block_1_15' title="bbox 1567 3618 2602 3911">
    <p class='ocr_par' dir='ltr' id='par_1_26' title="bbox 1567 3618 2602 3911">
     <span class='ocr_line' id='line_1_75' title="bbox 1569 3618 2499 3685; baseline -0.001 -11"><span class='ocrx_word' id='word_1_427' title='bbox 1569 3622 1755 3676; x_wconf 84' lang='lat' dir='ltr'><strong>Homer</strong></span> <span class='ocrx_word' id='word_1_428' title='bbox 1792 3622 1915 3685; x_wconf 86' lang='lat' dir='ltr'><strong>(und</strong></span> <span class='ocrx_word' id='word_1_429' title='bbox 1949 3624 2153 3674; x_wconf 81' lang='lat' dir='ltr'><strong>Aeneae</strong></span> <span class='ocrx_word' id='word_1_430' title='bbox 2188 3619 2272 3671; x_wconf 88' lang='lat' dir='ltr'><strong>bei</strong></span> <span class='ocrx_word' id='word_1_431' title='bbox 2308 3618 2499 3685; x_wconf 82' lang='lat' dir='ltr'><strong>Vergil.</strong></span> 
     </span>
     <span class='ocr_line' id='line_1_76' title="bbox 1641 3704 2602 3773; baseline -0.003 -12"><span class='ocrx_word' id='word_1_432' title='bbox 1641 3710 1725 3761; x_wconf 89' lang='grc'><strong>16.</strong></span> <span class='ocrx_word' id='word_1_433' title='bbox 1761 3706 1977 3761; x_wconf 78' lang='lat' dir='ltr'><strong>Oretum</strong></span> <span class='ocrx_word' id='word_1_434' title='bbox 2008 3708 2222 3773; x_wconf 80' lang='lat' dir='ltr'><strong>quidem</strong></span> <span class='ocrx_word' id='word_1_435' title='bbox 2260 3704 2412 3770; x_wconf 75' lang='lat' dir='ltr'><strong>leges,</strong></span> <span class='ocrx_word' id='word_1_436' title='bbox 2448 3718 2490 3756; x_wconf 80' lang='lat' dir='ltr'><strong>S.</strong></span> <span class='ocrx_word' id='word_1_437' title='bbox 2529 3720 2602 3758; x_wconf 79' lang='lat' dir='ltr'><strong>zu</strong></span> 
     </span>
     <span class='ocr_line' id='line_1_77' title="bbox 1567 3773 2469 3839; baseline -0.003 -11"><span class='ocrx_word' id='word_1_438' title='bbox 1567 3775 1605 3828; x_wconf 91' lang='lat'><strong>1.</strong></span> <span class='ocrx_word' id='word_1_439' title='bbox 1640 3778 1725 3839; x_wconf 81' lang='lat'><strong>33,</strong></span> <span class='ocrx_word' id='word_1_440' title='bbox 1762 3779 1851 3829; x_wconf 85' lang='lat'><strong>80:</strong></span> <span class='ocrx_word' id='word_1_441' title='bbox 1887 3775 2204 3827; x_wconf 82' lang='lat' dir='ltr'><strong>Aristoteles</strong></span> <span class='ocrx_word' id='word_1_442' title='bbox 2239 3773 2469 3838; x_wconf 84' lang='lat' dir='ltr'><strong>quidem.</strong></span> 
     </span>
     <span class='ocr_line' id='line_1_78' title="bbox 1641 3840 2601 3911; baseline 0 -13"><span class='ocrx_word' id='word_1_443' title='bbox 1641 3848 1721 3898; x_wconf 87' lang='lat'><strong>17.</strong></span> <span class='ocrx_word' id='word_1_444' title='bbox 1757 3850 1820 3896; x_wconf 86' lang='lat' dir='ltr'><strong>ut</strong></span> <span class='ocrx_word' id='word_1_445' title='bbox 1842 3847 2038 3911; x_wconf 70' lang='lat' dir='ltr'><strong>poetae</strong></span> <span class='ocrx_word' id='word_1_446' title='bbox 2071 3840 2276 3904; x_wconf 81' lang='lat' dir='ltr'><strong>ferunt.</strong></span> <span class='ocrx_word' id='word_1_447' title='bbox 2324 3840 2469 3894; x_wconf 85' lang='lat' dir='ltr'><strong>Hom.</strong></span> <span class='ocrx_word' id='word_1_448' title='bbox 2496 3842 2601 3898; x_wconf 83' lang='lat' dir='ltr'><strong>od.</strong></span> 
     </span>
    </p>
   </div>
   <div class='ocr_carea' id='block_1_16' title="bbox 2533 2294 2603 2316">
    <p class='ocr_par' dir='ltr' id='par_1_27' title="bbox 2533 2294 2603 2316">
     <span class='ocr_line' id='line_1_79' title="bbox 2533 2294 2603 2316; baseline 0 -3"><span class='ocrx_word' id='word_1_449' title='bbox 2533 2294 2603 2316; x_wconf 60' lang='grc' dir='ltr'><strong>..τι</strong></span> 
     </span>
    </p>
   </div>
  </div>
 </body>
</html>
