<?xml version="1.0" encoding="UTF-8"?>
<!DOCTYPE html PUBLIC "-//W3C//DTD XHTML 1.0 Transitional//EN"
    "http://www.w3.org/TR/xhtml1/DTD/xhtml1-transitional.dtd">
<html xmlns="http://www.w3.org/1999/xhtml" xml:lang="en" lang="en">
 <head>
  <title>
</title>
<meta http-equiv="Content-Type" content="text/html;charset=utf-8" />
  <meta name='ocr-system' content='tesseract 3.04.00' />
  <meta name='ocr-capabilities' content='ocr_page ocr_carea ocr_par ocr_line ocrx_word'/>
</head>
<body>
  <div class='ocr_page' id='page_1' title='image "./mtulliiciceroni02sorogoog_0083.png"; bbox 0 0 2834 4317; ppageno 0'>
   <div class='ocr_carea' id='block_1_1' title="bbox 130 708 161 757">
    <p class='ocr_par' dir='ltr' id='par_1_1' title="bbox 130 708 161 757">
     <span class='ocr_line' id='line_1_1' title="bbox 130 708 161 757; baseline 0 0"><span class='ocrx_word' id='word_1_1' title='bbox 130 708 161 757; x_wconf 85' lang='lat'>5</span> 
     </span>
    </p>
   </div>
   <div class='ocr_carea' id='block_1_2' title="bbox 106 1136 164 1185">
    <p class='ocr_par' dir='ltr' id='par_1_2' title="bbox 106 1136 164 1185">
     <span class='ocr_line' id='line_1_2' title="bbox 106 1136 164 1185; baseline 0 0"><span class='ocrx_word' id='word_1_2' title='bbox 106 1136 164 1185; x_wconf 87' lang='grc'><strong>10</strong></span> 
     </span>
    </p>
   </div>
   <div class='ocr_carea' id='block_1_3' title="bbox 112 1562 167 1611">
    <p class='ocr_par' dir='ltr' id='par_1_3' title="bbox 112 1562 167 1611">
     <span class='ocr_line' id='line_1_3' title="bbox 112 1562 167 1611; baseline -0.036 0"><span class='ocrx_word' id='word_1_3' title='bbox 112 1562 167 1611; x_wconf 89' lang='grc'><strong>15</strong></span> 
     </span>
    </p>
   </div>
   <div class='ocr_carea' id='block_1_4' title="bbox 111 1987 171 2036">
    <p class='ocr_par' dir='ltr' id='par_1_4' title="bbox 111 1987 171 2036">
     <span class='ocr_line' id='line_1_4' title="bbox 111 1987 171 2036; baseline 0 0"><span class='ocrx_word' id='word_1_4' title='bbox 111 1987 171 2036; x_wconf 88' lang='grc'><strong>20</strong></span> 
     </span>
    </p>
   </div>
   <div class='ocr_carea' id='block_1_5' title="bbox 972 184 2367 251">
    <p class='ocr_par' dir='ltr' id='par_1_5' title="bbox 972 184 2367 251">
     <span class='ocr_line' id='line_1_5' title="bbox 972 184 2367 251; baseline 0.003 -14"><span class='ocrx_word' id='word_1_5' title='bbox 972 184 1162 237; x_wconf 69' lang='lat' dir='ltr'><strong>unna</strong></span> <span class='ocrx_word' id='word_1_6' title='bbox 1194 184 1231 239; x_wconf 91' lang='lat'><strong>1.</strong></span> <span class='ocrx_word' id='word_1_7' title='bbox 1270 187 1354 251; x_wconf 81' lang='lat'><strong>31,</strong></span> <span class='ocrx_word' id='word_1_8' title='bbox 1390 189 1472 238; x_wconf 80' lang='lat'><strong>75.</strong></span> <span class='ocrx_word' id='word_1_9' title='bbox 1511 187 1593 239; x_wconf 82' lang='lat'><strong>76.</strong></span> <span class='ocrx_word' id='word_1_10' title='bbox 2290 184 2367 241; x_wconf 84' lang='lat'><strong>77</strong></span> 
     </span>
    </p>
   </div>
   <div class='ocr_carea' id='block_1_6' title="bbox 195 356 2474 438">
    <p class='ocr_par' dir='ltr' id='par_1_6' title="bbox 195 356 2474 438">
     <span class='ocr_line' id='line_1_6' title="bbox 195 356 2474 438; baseline -0.001 -19"><span class='ocrx_word' id='word_1_11' title='bbox 195 360 407 419; x_wconf 78' lang='lat' dir='ltr'><strong>mortis</strong></span> <span class='ocrx_word' id='word_1_12' title='bbox 451 365 551 418; x_wconf 80' lang='lat' dir='ltr'><strong>est.</strong></span> <span class='ocrx_word' id='word_1_13' title='bbox 610 357 758 417; x_wconf 87' lang='lat' dir='ltr'><strong>Nam</strong></span> <span class='ocrx_word' id='word_1_14' title='bbox 806 356 946 436; x_wconf 90' lang='lat' dir='ltr'><strong>quid</strong></span> <span class='ocrx_word' id='word_1_15' title='bbox 992 357 1149 418; x_wconf 90' lang='lat' dir='ltr'><strong>aliud</strong></span> <span class='ocrx_word' id='word_1_16' title='bbox 1192 358 1453 436; x_wconf 88' lang='lat' dir='ltr'><strong>agimus,</strong></span> <span class='ocrx_word' id='word_1_17' title='bbox 1495 376 1633 419; x_wconf 90' lang='lat' dir='ltr'><strong>cum</strong></span> <span class='ocrx_word' id='word_1_18' title='bbox 1665 376 1697 418; x_wconf 91' lang='lat' dir='ltr'><strong>a</strong></span> <span class='ocrx_word' id='word_1_19' title='bbox 1727 358 2059 438; x_wconf 88' lang='lat' dir='ltr'><strong>voluptate,</strong></span> <span class='ocrx_word' id='word_1_20' title='bbox 2092 358 2151 419; x_wconf 90' lang='lat' dir='ltr'><strong>id</strong></span> <span class='ocrx_word' id='word_1_21' title='bbox 2183 369 2301 434; x_wconf 89' lang='lat' dir='ltr'><strong>est,</strong></span> <span class='ocrx_word' id='word_1_22' title='bbox 2333 378 2366 420; x_wconf 91' lang='lat' dir='ltr'><strong>a</strong></span> <span class='ocrx_word' id='word_1_23' title='bbox 2401 363 2474 418; x_wconf 81' lang='lat'><strong>31</strong></span> 
     </span>
    </p>
   </div>
   <div class='ocr_carea' id='block_1_7' title="bbox 148 442 2478 607">
    <p class='ocr_par' dir='ltr' id='par_1_7' title="bbox 148 442 2478 607">
     <span class='ocr_line' id='line_1_7' title="bbox 201 442 2478 524; baseline -0.001 -20"><span class='ocrx_word' id='word_1_24' title='bbox 201 460 483 522; x_wconf 87' lang='lat' dir='ltr'><strong>corpore,</strong></span> <span class='ocrx_word' id='word_1_25' title='bbox 517 460 653 503; x_wconf 89' lang='lat' dir='ltr'><strong>cum</strong></span> <span class='ocrx_word' id='word_1_26' title='bbox 686 460 717 502; x_wconf 99' lang='lat' dir='ltr'><strong>a</strong></span> <span class='ocrx_word' id='word_1_27' title='bbox 747 461 812 503; x_wconf 90' lang='lat' dir='ltr'><strong>re</strong></span> <span class='ocrx_word' id='word_1_28' title='bbox 844 442 1149 516; x_wconf 84' lang='lat' dir='ltr'><strong>familiari,</strong></span> <span class='ocrx_word' id='word_1_29' title='bbox 1196 460 1345 521; x_wconf 86' lang='lat' dir='ltr'><strong>quae</strong></span> <span class='ocrx_word' id='word_1_30' title='bbox 1395 450 1485 504; x_wconf 86' lang='lat' dir='ltr'><strong>est</strong></span> <span class='ocrx_word' id='word_1_31' title='bbox 1514 443 1786 504; x_wconf 89' lang='lat' dir='ltr'><strong>ministra</strong></span> <span class='ocrx_word' id='word_1_32' title='bbox 1818 452 1876 504; x_wconf 87' lang='lat' dir='ltr'><strong>et</strong></span> <span class='ocrx_word' id='word_1_33' title='bbox 1908 444 2119 505; x_wconf 81' lang='lat' dir='ltr'><strong>famula</strong></span> <span class='ocrx_word' id='word_1_34' title='bbox 2152 463 2370 524; x_wconf 90' lang='lat' dir='ltr'><strong>corpo·</strong></span> <span class='ocrx_word' id='word_1_35' title='bbox 2419 453 2478 502; x_wconf 85' lang='lat'><strong>75</strong></span> 
     </span>
     <span class='ocr_line' id='line_1_8' title="bbox 148 527 2373 607; baseline 0 -18"><span class='ocrx_word' id='word_1_36' title='bbox 148 551 153 556; x_wconf 84' lang='grc'><em>·</em></span> <span class='ocrx_word' id='word_1_37' title='bbox 202 529 322 602; x_wconf 90' lang='lat' dir='ltr'><strong>ris,</strong></span> <span class='ocrx_word' id='word_1_38' title='bbox 367 546 505 589; x_wconf 90' lang='lat' dir='ltr'><strong>cum</strong></span> <span class='ocrx_word' id='word_1_39' title='bbox 536 546 566 587; x_wconf 93' lang='lat' dir='ltr'><strong>a</strong></span> <span class='ocrx_word' id='word_1_40' title='bbox 599 546 666 588; x_wconf 88' lang='lat' dir='ltr'><strong>re</strong></span> <span class='ocrx_word' id='word_1_41' title='bbox 696 527 954 607; x_wconf 86' lang='lat' dir='ltr'><strong>publica,</strong></span> <span class='ocrx_word' id='word_1_42' title='bbox 987 546 1122 588; x_wconf 91' lang='lat' dir='ltr'><strong>cum</strong></span> <span class='ocrx_word' id='word_1_43' title='bbox 1154 546 1187 588; x_wconf 91' lang='lat' dir='ltr'><strong>a</strong></span> <span class='ocrx_word' id='word_1_44' title='bbox 1222 528 1461 607; x_wconf 89' lang='lat' dir='ltr'><strong>negotio</strong></span> <span class='ocrx_word' id='word_1_45' title='bbox 1495 528 1657 590; x_wconf 90' lang='lat' dir='ltr'><strong>omni</strong></span> <span class='ocrx_word' id='word_1_46' title='bbox 1703 547 2046 591; x_wconf 79' lang='lat' dir='ltr'><strong>sevocamus</strong></span> <span class='ocrx_word' id='word_1_47' title='bbox 2076 530 2373 591; x_wconf 86' lang='lat' dir='ltr'><strong>animum:</strong></span> 
     </span>
    </p>
   </div>
   <div class='ocr_carea' id='block_1_8' title="bbox 205 612 2405 1546">
    <p class='ocr_par' dir='ltr' id='par_1_8' title="bbox 205 612 2405 1546">
     <span class='ocr_line' id='line_1_9' title="bbox 205 612 2376 694; baseline 0 -19"><span class='ocrx_word' id='word_1_48' title='bbox 205 613 352 693; x_wconf 88' lang='lat' dir='ltr'><strong>quid</strong></span> <span class='ocrx_word' id='word_1_49' title='bbox 417 612 691 692; x_wconf 89' lang='lat' dir='ltr'><strong>inquam,</strong></span> <span class='ocrx_word' id='word_1_50' title='bbox 737 620 865 674; x_wconf 90' lang='lat' dir='ltr'><strong>tum</strong></span> <span class='ocrx_word' id='word_1_51' title='bbox 909 612 1170 692; x_wconf 84' lang='lat' dir='ltr'><strong>agimus,</strong></span> <span class='ocrx_word' id='word_1_52' title='bbox 1214 613 1327 675; x_wconf 91' lang='lat' dir='ltr'><strong>nisi</strong></span> <span class='ocrx_word' id='word_1_53' title='bbox 1371 613 1637 676; x_wconf 91' lang='lat' dir='ltr'><strong>animum</strong></span> <span class='ocrx_word' id='word_1_54' title='bbox 1678 613 1751 675; x_wconf 90' lang='lat' dir='ltr'><strong>ad</strong></span> <span class='ocrx_word' id='word_1_55' title='bbox 1787 633 1851 676; x_wconf 91' lang='lat' dir='ltr'><strong>se</strong></span> <span class='ocrx_word' id='word_1_56' title='bbox 1891 615 2082 694; x_wconf 91' lang='lat' dir='ltr'><strong>ipsum</strong></span> <span class='ocrx_word' id='word_1_57' title='bbox 2129 614 2376 676; x_wconf 86' lang='lat' dir='ltr'><strong>advoca-</strong></span> 
     </span>
     <span class='ocr_line' id='line_1_10' title="bbox 205 698 2377 779; baseline 0.002 -21"><span class='ocrx_word' id='word_1_58' title='bbox 205 717 382 772; x_wconf 78' lang='lat' dir='ltr'><strong>muS,</strong></span> <span class='ocrx_word' id='word_1_59' title='bbox 425 716 630 760; x_wconf 89' lang='lat' dir='ltr'><strong>secum</strong></span> <span class='ocrx_word' id='word_1_60' title='bbox 677 717 808 760; x_wconf 90' lang='lat' dir='ltr'><strong>esse</strong></span> <span class='ocrx_word' id='word_1_61' title='bbox 853 698 1121 778; x_wconf 80' lang='lat' dir='ltr'><strong>cogimus</strong></span> <span class='ocrx_word' id='word_1_62' title='bbox 1163 698 1538 778; x_wconf 84' lang='lat' dir='ltr'><strong>maximeque</strong></span> <span class='ocrx_word' id='word_1_63' title='bbox 1583 717 1616 759; x_wconf 89' lang='lat' dir='ltr'><strong>a</strong></span> <span class='ocrx_word' id='word_1_64' title='bbox 1673 718 1928 779; x_wconf 86' lang='lat' dir='ltr'><strong>corpore</strong></span> <span class='ocrx_word' id='word_1_65' title='bbox 1987 699 2377 762; x_wconf 86' lang='lat' dir='ltr'><strong>abducimus?</strong></span> 
     </span>
     <span class='ocr_line' id='line_1_11' title="bbox 205 784 2377 863; baseline 0 -18"><span class='ocrx_word' id='word_1_66' title='bbox 205 784 544 845; x_wconf 87' lang='lat' dir='ltr'><strong>Secernere</strong></span> <span class='ocrx_word' id='word_1_67' title='bbox 566 792 763 844; x_wconf 89' lang='lat' dir='ltr'><strong>autem</strong></span> <span class='ocrx_word' id='word_1_68' title='bbox 788 803 820 844; x_wconf 88' lang='lat' dir='ltr'><strong>a</strong></span> <span class='ocrx_word' id='word_1_69' title='bbox 845 802 1100 863; x_wconf 90' lang='lat' dir='ltr'><strong>corpore</strong></span> <span class='ocrx_word' id='word_1_70' title='bbox 1122 784 1394 844; x_wconf 88' lang='lat' dir='ltr'><strong>animum</strong></span> <span class='ocrx_word' id='word_1_71' title='bbox 1418 784 1775 863; x_wconf 83' lang='lat' dir='ltr'><strong>ecquidnam</strong></span> <span class='ocrx_word' id='word_1_72' title='bbox 1801 784 1960 847; x_wconf 86' lang='lat' dir='ltr'><strong>aliud</strong></span> <span class='ocrx_word' id='word_1_73' title='bbox 1981 794 2062 848; x_wconf 80' lang='lat' dir='ltr'><strong>est</strong></span> <span class='ocrx_word' id='word_1_74' title='bbox 2085 787 2206 846; x_wconf 76' lang='lat' dir='ltr'><strong>nisi</strong></span> <span class='ocrx_word' id='word_1_75' title='bbox 2224 786 2377 848; x_wconf 84' lang='lat' dir='ltr'><strong>mori</strong></span> 
     </span>
     <span class='ocr_line' id='line_1_12' title="bbox 206 865 2378 951; baseline 0.001 -21"><span class='ocrx_word' id='word_1_76' title='bbox 206 865 484 931; x_wconf 76' lang='lat' dir='ltr'><strong>discere?</strong></span> <span class='ocrx_word' id='word_1_77' title='bbox 529 868 658 940; x_wconf 88' lang='lat' dir='ltr'><strong>Qua</strong></span> <span class='ocrx_word' id='word_1_78' title='bbox 688 888 755 929; x_wconf 90' lang='lat' dir='ltr'><strong>re</strong></span> <span class='ocrx_word' id='word_1_79' title='bbox 786 869 900 930; x_wconf 88' lang='lat' dir='ltr'><strong>hoc</strong></span> <span class='ocrx_word' id='word_1_80' title='bbox 930 878 1425 949; x_wconf 82' lang='lat' dir='ltr'><strong>commentemur,</strong></span> <span class='ocrx_word' id='word_1_81' title='bbox 1456 869 1599 930; x_wconf 88' lang='lat' dir='ltr'><strong>mibi</strong></span> <span class='ocrx_word' id='word_1_82' title='bbox 1629 870 1824 945; x_wconf 87' lang='lat' dir='ltr'><strong>crede,</strong></span> <span class='ocrx_word' id='word_1_83' title='bbox 1856 870 2378 951; x_wconf 82' lang='lat' dir='ltr'><strong>disiungamusque</strong></span> 
     </span>
     <span class='ocr_line' id='line_1_13' title="bbox 208 953 2378 1033; baseline 0.001 -18"><span class='ocrx_word' id='word_1_84' title='bbox 208 974 326 1015; x_wconf 89' lang='lat' dir='ltr'><strong>nos</strong></span> <span class='ocrx_word' id='word_1_85' title='bbox 372 972 404 1013; x_wconf 89' lang='lat' dir='ltr'><strong>a</strong></span> <span class='ocrx_word' id='word_1_86' title='bbox 448 953 830 1033; x_wconf 87' lang='lat' dir='ltr'><strong>corporibus,</strong></span> <span class='ocrx_word' id='word_1_87' title='bbox 875 954 935 1015; x_wconf 91' lang='lat' dir='ltr'><strong>id</strong></span> <span class='ocrx_word' id='word_1_88' title='bbox 980 963 1098 1028; x_wconf 87' lang='lat' dir='ltr'><strong>est,</strong></span> <span class='ocrx_word' id='word_1_89' title='bbox 1145 973 1609 1016; x_wconf 88' lang='lat' dir='ltr'><strong>consuescamus</strong></span> <span class='ocrx_word' id='word_1_90' title='bbox 1652 955 1824 1016; x_wconf 88' lang='lat' dir='ltr'><strong>mori.</strong></span> <span class='ocrx_word' id='word_1_91' title='bbox 1914 956 2075 1031; x_wconf 89' lang='lat' dir='ltr'><strong>Hoc,</strong></span> <span class='ocrx_word' id='word_1_92' title='bbox 2132 965 2192 1017; x_wconf 89' lang='lat' dir='ltr'><strong>et</strong></span> <span class='ocrx_word' id='word_1_93' title='bbox 2235 957 2378 1019; x_wconf 91' lang='lat' dir='ltr'><strong>dum</strong></span> 
     </span>
     <span class='ocr_line' id='line_1_14' title="bbox 212 1037 2405 1117; baseline 0.003 -18"><span class='ocrx_word' id='word_1_94' title='bbox 212 1038 438 1100; x_wconf 89' lang='lat' dir='ltr'><strong>erimus</strong></span> <span class='ocrx_word' id='word_1_95' title='bbox 480 1037 541 1099; x_wconf 90' lang='lat' dir='ltr'><strong>in</strong></span> <span class='ocrx_word' id='word_1_96' title='bbox 588 1040 798 1113; x_wconf 88' lang='lat' dir='ltr'><strong>terris,</strong></span> <span class='ocrx_word' id='word_1_97' title='bbox 843 1039 954 1100; x_wconf 84' lang='lat' dir='ltr'><strong>erit</strong></span> <span class='ocrx_word' id='word_1_98' title='bbox 995 1039 1076 1100; x_wconf 91' lang='lat' dir='ltr'><strong>illi</strong></span> <span class='ocrx_word' id='word_1_99' title='bbox 1120 1040 1359 1102; x_wconf 88' lang='lat' dir='ltr'><strong>caelesti</strong></span> <span class='ocrx_word' id='word_1_100' title='bbox 1386 1040 1537 1101; x_wconf 88' lang='lat' dir='ltr'><strong>vitae</strong></span> <span class='ocrx_word' id='word_1_101' title='bbox 1567 1040 1787 1117; x_wconf 89' lang='lat' dir='ltr'><strong>simile,</strong></span> <span class='ocrx_word' id='word_1_102' title='bbox 1835 1048 1895 1101; x_wconf 92' lang='lat' dir='ltr'><strong>et</strong></span> <span class='ocrx_word' id='word_1_103' title='bbox 1942 1059 2079 1102; x_wconf 91' lang='lat' dir='ltr'><strong>cum</strong></span> <span class='ocrx_word' id='word_1_104' title='bbox 2121 1041 2262 1103; x_wconf 93' lang='lat' dir='ltr'><strong>illuc</strong></span> <span class='ocrx_word' id='word_1_105' title='bbox 2307 1061 2405 1106; x_wconf 68' lang='lat' dir='ltr'><strong>ex,</strong></span> 
     </span>
     <span class='ocr_line' id='line_1_15' title="bbox 208 1121 2378 1200; baseline 0.001 -15"><span class='ocrx_word' id='word_1_106' title='bbox 208 1125 305 1185; x_wconf 90' lang='lat' dir='ltr'><strong>his</strong></span> <span class='ocrx_word' id='word_1_107' title='bbox 343 1123 554 1186; x_wconf 86' lang='lat' dir='ltr'><strong>vinclis</strong></span> <span class='ocrx_word' id='word_1_108' title='bbox 600 1124 797 1185; x_wconf 90' lang='lat' dir='ltr'><strong>emissi</strong></span> <span class='ocrx_word' id='word_1_109' title='bbox 838 1126 1130 1200; x_wconf 87' lang='lat' dir='ltr'><strong>feremur,</strong></span> <span class='ocrx_word' id='word_1_110' title='bbox 1173 1125 1375 1187; x_wconf 87' lang='lat' dir='ltr'><strong>minus</strong></span> <span class='ocrx_word' id='word_1_111' title='bbox 1402 1124 1731 1187; x_wconf 85' lang='lat' dir='ltr'><strong>tardabitur</strong></span> <span class='ocrx_word' id='word_1_112' title='bbox 1770 1121 1980 1188; x_wconf 86' lang='lat' dir='ltr'><strong>cursus</strong></span> <span class='ocrx_word' id='word_1_113' title='bbox 2020 1126 2378 1188; x_wconf 90' lang='lat' dir='ltr'><strong>animorum.</strong></span> 
     </span>
     <span class='ocr_line' id='line_1_16' title="bbox 209 1209 2381 1290; baseline 0.001 -19"><span class='ocrx_word' id='word_1_114' title='bbox 209 1210 363 1271; x_wconf 87' lang='lat' dir='ltr'><strong>Nam</strong></span> <span class='ocrx_word' id='word_1_115' title='bbox 417 1209 517 1288; x_wconf 92' lang='lat' dir='ltr'><strong>qui</strong></span> <span class='ocrx_word' id='word_1_116' title='bbox 561 1209 622 1271; x_wconf 91' lang='lat' dir='ltr'><strong>in</strong></span> <span class='ocrx_word' id='word_1_117' title='bbox 670 1209 1059 1290; x_wconf 88' lang='lat' dir='ltr'><strong>compedibus</strong></span> <span class='ocrx_word' id='word_1_118' title='bbox 1104 1211 1376 1290; x_wconf 87' lang='lat' dir='ltr'><strong>corporis</strong></span> <span class='ocrx_word' id='word_1_119' title='bbox 1419 1228 1657 1290; x_wconf 82' lang='lat' dir='ltr'><strong>semper</strong></span> <span class='ocrx_word' id='word_1_120' title='bbox 1700 1213 1976 1284; x_wconf 82' lang='lat' dir='ltr'><strong>fuerunt,</strong></span> <span class='ocrx_word' id='word_1_121' title='bbox 2022 1212 2195 1272; x_wconf 89' lang='lat' dir='ltr'><strong>etiam</strong></span> <span class='ocrx_word' id='word_1_122' title='bbox 2243 1230 2381 1273; x_wconf 88' lang='lat' dir='ltr'><strong>cum</strong></span> 
     </span>
     <span class='ocr_line' id='line_1_17' title="bbox 210 1294 2381 1375; baseline 0.001 -20"><span class='ocrx_word' id='word_1_123' title='bbox 210 1294 395 1356; x_wconf 90' lang='lat' dir='ltr'><strong>soluti</strong></span> <span class='ocrx_word' id='word_1_124' title='bbox 423 1305 595 1370; x_wconf 88' lang='lat' dir='ltr'><strong>sunt,</strong></span> <span class='ocrx_word' id='word_1_125' title='bbox 640 1296 868 1357; x_wconf 89' lang='lat' dir='ltr'><strong>tardius</strong></span> <span class='ocrx_word' id='word_1_126' title='bbox 896 1295 1353 1375; x_wconf 86' lang='lat' dir='ltr'><strong>ingrediuntur,</strong></span> <span class='ocrx_word' id='word_1_127' title='bbox 1399 1304 1469 1355; x_wconf 92' lang='lat' dir='ltr'><strong>ut</strong></span> <span class='ocrx_word' id='word_1_128' title='bbox 1498 1295 1570 1367; x_wconf 88' lang='lat' dir='ltr'><strong>ii,</strong></span> <span class='ocrx_word' id='word_1_129' title='bbox 1617 1296 1718 1375; x_wconf 91' lang='lat' dir='ltr'><strong>qui</strong></span> <span class='ocrx_word' id='word_1_130' title='bbox 1758 1297 1919 1357; x_wconf 88' lang='lat' dir='ltr'><strong>ferro</strong></span> <span class='ocrx_word' id='word_1_131' title='bbox 1950 1296 2132 1357; x_wconf 88' lang='lat' dir='ltr'><strong>vincti</strong></span> <span class='ocrx_word' id='word_1_132' title='bbox 2163 1297 2381 1358; x_wconf 89' lang='lat' dir='ltr'><strong>multos</strong></span> 
     </span>
     <span class='ocr_line' id='line_1_18' title="bbox 211 1380 2378 1459; baseline 0.001 -19"><span class='ocrx_word' id='word_1_133' title='bbox 211 1399 411 1442; x_wconf 87' lang='lat' dir='ltr'><strong>annos</strong></span> <span class='ocrx_word' id='word_1_134' title='bbox 440 1380 703 1441; x_wconf 83' lang='lat' dir='ltr'><strong>fuerunt.</strong></span> <span class='ocrx_word' id='word_1_135' title='bbox 765 1380 899 1451; x_wconf 87' lang='lat' dir='ltr'><strong>Quo</strong></span> <span class='ocrx_word' id='word_1_136' title='bbox 932 1399 1066 1441; x_wconf 88' lang='lat' dir='ltr'><strong>cum</strong></span> <span class='ocrx_word' id='word_1_137' title='bbox 1093 1380 1451 1454; x_wconf 78' lang='lat' dir='ltr'><strong>venerimuS,</strong></span> <span class='ocrx_word' id='word_1_138' title='bbox 1481 1390 1609 1440; x_wconf 91' lang='lat' dir='ltr'><strong>tum</strong></span> <span class='ocrx_word' id='word_1_139' title='bbox 1641 1380 1898 1459; x_wconf 89' lang='lat' dir='ltr'><strong>denique</strong></span> <span class='ocrx_word' id='word_1_140' title='bbox 1923 1381 2209 1458; x_wconf 83' lang='lat' dir='ltr'><strong>vivemus3</strong></span> <span class='ocrx_word' id='word_1_141' title='bbox 2243 1400 2378 1442; x_wconf 84' lang='lat' dir='ltr'><strong>nam</strong></span> 
     </span>
     <span class='ocr_line' id='line_1_19' title="bbox 210 1465 2380 1546; baseline 0 -20"><span class='ocrx_word' id='word_1_142' title='bbox 210 1466 364 1526; x_wconf 88' lang='lat' dir='ltr'><strong>haec</strong></span> <span class='ocrx_word' id='word_1_143' title='bbox 394 1466 633 1544; x_wconf 90' lang='lat' dir='ltr'><strong>quidem</strong></span> <span class='ocrx_word' id='word_1_144' title='bbox 662 1465 775 1526; x_wconf 88' lang='lat' dir='ltr'><strong>vita</strong></span> <span class='ocrx_word' id='word_1_145' title='bbox 813 1484 975 1528; x_wconf 91' lang='lat' dir='ltr'><strong>mors</strong></span> <span class='ocrx_word' id='word_1_146' title='bbox 1017 1474 1138 1540; x_wconf 92' lang='lat' dir='ltr'><strong>est,</strong></span> <span class='ocrx_word' id='word_1_147' title='bbox 1182 1484 1361 1546; x_wconf 90' lang='lat' dir='ltr'><strong>quam</strong></span> <span class='ocrx_word' id='word_1_148' title='bbox 1403 1466 1712 1527; x_wconf 91' lang='lat' dir='ltr'><strong>lamentari</strong></span> <span class='ocrx_word' id='word_1_149' title='bbox 1755 1485 2011 1546; x_wconf 89' lang='lat' dir='ltr'><strong>possem,</strong></span> <span class='ocrx_word' id='word_1_150' title='bbox 2057 1467 2104 1528; x_wconf 93' lang='lat' dir='ltr'><strong>si</strong></span> <span class='ocrx_word' id='word_1_151' title='bbox 2152 1467 2380 1529; x_wconf 90' lang='lat' dir='ltr'><strong>liberet.</strong></span> 
     </span>
    </p>
   </div>
   <div class='ocr_carea' id='block_1_9' title="bbox 387 1550 2481 1632">
    <p class='ocr_par' dir='ltr' id='par_1_9' title="bbox 387 1550 2481 1632">
     <span class='ocr_line' id='line_1_20' title="bbox 387 1550 2481 1632; baseline -0.002 -21"><span class='ocrx_word' id='word_1_152' title='bbox 387 1550 454 1611; x_wconf 77' lang='lat' dir='ltr'><strong>A.</strong></span> <span class='ocrx_word' id='word_1_153' title='bbox 543 1551 698 1613; x_wconf 87' lang='lat' dir='ltr'><strong>Satis</strong></span> <span class='ocrx_word' id='word_1_154' title='bbox 725 1558 792 1613; x_wconf 91' lang='lat' dir='ltr'><strong>tu</strong></span> <span class='ocrx_word' id='word_1_155' title='bbox 823 1551 1062 1630; x_wconf 89' lang='lat' dir='ltr'><strong>quidem</strong></span> <span class='ocrx_word' id='word_1_156' title='bbox 1103 1552 1163 1613; x_wconf 92' lang='lat' dir='ltr'><strong>in</strong></span> <span class='ocrx_word' id='word_1_157' title='bbox 1198 1551 1619 1614; x_wconf 87' lang='lat' dir='ltr'><strong>Consolatione</strong></span> <span class='ocrx_word' id='word_1_158' title='bbox 1665 1571 1728 1613; x_wconf 91' lang='lat' dir='ltr'><strong>es</strong></span> <span class='ocrx_word' id='word_1_159' title='bbox 1771 1552 2158 1627; x_wconf 78' lang='lat' dir='ltr'><strong>lamentatuS,</strong></span> <span class='ocrx_word' id='word_1_160' title='bbox 2204 1571 2379 1632; x_wconf 89' lang='lat' dir='ltr'><strong>quam</strong></span> <span class='ocrx_word' id='word_1_161' title='bbox 2427 1560 2481 1607; x_wconf 70' lang='lat' dir='ltr'><strong>‘z&#39;</strong></span> 
     </span>
    </p>
   </div>
   <div class='ocr_carea' id='block_1_10' title="bbox 212 1635 2386 2313">
    <p class='ocr_par' dir='ltr' id='par_1_10' title="bbox 212 1635 2386 2313">
     <span class='ocr_line' id='line_1_21' title="bbox 214 1635 2380 1716; baseline 0.001 -20"><span class='ocrx_word' id='word_1_162' title='bbox 214 1654 358 1696; x_wconf 91' lang='lat' dir='ltr'><strong>cum</strong></span> <span class='ocrx_word' id='word_1_163' title='bbox 402 1635 568 1714; x_wconf 85' lang='lat' dir='ltr'><strong>lego,</strong></span> <span class='ocrx_word' id='word_1_164' title='bbox 616 1636 762 1698; x_wconf 91' lang='lat' dir='ltr'><strong>nihil</strong></span> <span class='ocrx_word' id='word_1_165' title='bbox 806 1638 961 1697; x_wconf 89' lang='lat' dir='ltr'><strong>malo</strong></span> <span class='ocrx_word' id='word_1_166' title='bbox 995 1655 1171 1716; x_wconf 90' lang='lat' dir='ltr'><strong>quam</strong></span> <span class='ocrx_word' id='word_1_167' title='bbox 1214 1637 1320 1698; x_wconf 93' lang='lat' dir='ltr'><strong>has</strong></span> <span class='ocrx_word' id='word_1_168' title='bbox 1364 1655 1465 1698; x_wconf 90' lang='lat' dir='ltr'><strong>res</strong></span> <span class='ocrx_word' id='word_1_169' title='bbox 1495 1636 1866 1716; x_wconf 89' lang='lat' dir='ltr'><strong>relinquere,</strong></span> <span class='ocrx_word' id='word_1_170' title='bbox 1910 1637 2003 1699; x_wconf 91' lang='lat' dir='ltr'><strong>his</strong></span> <span class='ocrx_word' id='word_1_171' title='bbox 2035 1656 2171 1698; x_wconf 89' lang='lat' dir='ltr'><strong>vero</strong></span> <span class='ocrx_word' id='word_1_172' title='bbox 2202 1639 2380 1698; x_wconf 84' lang='lat' dir='ltr'><strong>modo</strong></span> 
     </span>
     <span class='ocr_line' id='line_1_22' title="bbox 212 1721 2382 1801; baseline 0 -19"><span class='ocrx_word' id='word_1_173' title='bbox 212 1721 432 1782; x_wconf 87' lang='lat' dir='ltr'><strong>auditis</strong></span> <span class='ocrx_word' id='word_1_174' title='bbox 455 1722 642 1783; x_wconf 91' lang='lat' dir='ltr'><strong>multo</strong></span> <span class='ocrx_word' id='word_1_175' title='bbox 671 1722 875 1801; x_wconf 89' lang='lat' dir='ltr'><strong>magis.</strong></span> <span class='ocrx_word' id='word_1_176' title='bbox 936 1721 1019 1782; x_wconf 83' lang='lat' dir='ltr'><strong>M.</strong></span> <span class='ocrx_word' id='word_1_177' title='bbox 1050 1722 1261 1783; x_wconf 90' lang='lat' dir='ltr'><strong>Veniet</strong></span> <span class='ocrx_word' id='word_1_178' title='bbox 1301 1732 1540 1801; x_wconf 89' lang='lat' dir='ltr'><strong>tempus</strong></span> <span class='ocrx_word' id='word_1_179' title='bbox 1579 1731 1639 1782; x_wconf 94' lang='lat' dir='ltr'><strong>et</strong></span> <span class='ocrx_word' id='word_1_180' title='bbox 1668 1722 1909 1801; x_wconf 91' lang='lat' dir='ltr'><strong>quidem</strong></span> <span class='ocrx_word' id='word_1_181' title='bbox 1940 1722 2230 1795; x_wconf 86' lang='lat' dir='ltr'><strong>celeriter,</strong></span> <span class='ocrx_word' id='word_1_182' title='bbox 2262 1723 2382 1784; x_wconf 86' lang='lat' dir='ltr'><strong>sive</strong></span> 
     </span>
     <span class='ocr_line' id='line_1_23' title="bbox 214 1805 2384 1891; baseline 0 -24"><span class='ocrx_word' id='word_1_183' title='bbox 214 1805 566 1869; x_wconf 86' lang='lat' dir='ltr'><strong>retractabis</strong></span> <span class='ocrx_word' id='word_1_184' title='bbox 587 1806 709 1868; x_wconf 88' lang='lat' dir='ltr'><strong>sive</strong></span> <span class='ocrx_word' id='word_1_185' title='bbox 732 1806 1110 1891; x_wconf 86' lang='lat' dir='ltr'><strong>properabis;</strong></span> <span class='ocrx_word' id='word_1_186' title='bbox 1136 1808 1290 1868; x_wconf 88' lang='lat' dir='ltr'><strong>volat</strong></span> <span class='ocrx_word' id='word_1_187' title='bbox 1313 1809 1473 1869; x_wconf 89' lang='lat' dir='ltr'><strong>enim</strong></span> <span class='ocrx_word' id='word_1_188' title='bbox 1497 1816 1674 1869; x_wconf 76' lang='lat' dir='ltr'><strong>aetas·</strong></span> <span class='ocrx_word' id='word_1_189' title='bbox 1720 1807 1979 1870; x_wconf 88' lang='lat' dir='ltr'><strong>Tantum</strong></span> <span class='ocrx_word' id='word_1_190' title='bbox 2002 1815 2194 1870; x_wconf 89' lang='lat' dir='ltr'><strong>autem</strong></span> <span class='ocrx_word' id='word_1_191' title='bbox 2220 1807 2384 1870; x_wconf 89' lang='lat' dir='ltr'><strong>abest</strong></span> 
     </span>
     <span class='ocr_line' id='line_1_24' title="bbox 216 1891 2384 1972; baseline 0 -20"><span class='ocrx_word' id='word_1_192' title='bbox 216 1892 292 1952; x_wconf 88' lang='lat' dir='ltr'><strong>ab</strong></span> <span class='ocrx_word' id='word_1_193' title='bbox 327 1911 419 1964; x_wconf 89' lang='lat' dir='ltr'><strong>eo,</strong></span> <span class='ocrx_word' id='word_1_194' title='bbox 452 1900 518 1954; x_wconf 91' lang='lat' dir='ltr'><strong>ut</strong></span> <span class='ocrx_word' id='word_1_195' title='bbox 546 1893 765 1953; x_wconf 88' lang='lat' dir='ltr'><strong>malum</strong></span> <span class='ocrx_word' id='word_1_196' title='bbox 795 1911 959 1954; x_wconf 90' lang='lat' dir='ltr'><strong>mors</strong></span> <span class='ocrx_word' id='word_1_197' title='bbox 989 1893 1094 1968; x_wconf 88' lang='lat' dir='ltr'><strong>sit,</strong></span> <span class='ocrx_word' id='word_1_198' title='bbox 1126 1893 1288 1972; x_wconf 93' lang='lat' dir='ltr'><strong>quod</strong></span> <span class='ocrx_word' id='word_1_199' title='bbox 1318 1891 1428 1953; x_wconf 87' lang='lat' dir='ltr'><strong>tibi</strong></span> <span class='ocrx_word' id='word_1_200' title='bbox 1458 1892 1683 1954; x_wconf 91' lang='lat' dir='ltr'><strong>dudum</strong></span> <span class='ocrx_word' id='word_1_201' title='bbox 1726 1893 2052 1968; x_wconf 82' lang='lat' dir='ltr'><strong>videbatur,</strong></span> <span class='ocrx_word' id='word_1_202' title='bbox 2085 1901 2151 1953; x_wconf 92' lang='lat' dir='ltr'><strong>ut</strong></span> <span class='ocrx_word' id='word_1_203' title='bbox 2178 1911 2384 1955; x_wconf 84' lang='lat' dir='ltr'><strong>verear</strong></span> 
     </span>
     <span class='ocr_line' id='line_1_25' title="bbox 217 1977 2384 2053; baseline 0 -16"><span class='ocrx_word' id='word_1_204' title='bbox 217 1996 299 2038; x_wconf 90' lang='lat' dir='ltr'><strong>ne</strong></span> <span class='ocrx_word' id='word_1_205' title='bbox 332 1977 559 2039; x_wconf 89' lang='lat' dir='ltr'><strong>bomini</strong></span> <span class='ocrx_word' id='word_1_206' title='bbox 590 1978 739 2039; x_wconf 89' lang='lat' dir='ltr'><strong>nibil</strong></span> <span class='ocrx_word' id='word_1_207' title='bbox 769 1977 845 2039; x_wconf 88' lang='lat' dir='ltr'><strong>sit</strong></span> <span class='ocrx_word' id='word_1_208' title='bbox 875 1996 997 2038; x_wconf 90' lang='lat' dir='ltr'><strong>non</strong></span> <span class='ocrx_word' id='word_1_209' title='bbox 1030 1978 1248 2039; x_wconf 91' lang='lat' dir='ltr'><strong>malum</strong></span> <span class='ocrx_word' id='word_1_210' title='bbox 1281 1978 1455 2053; x_wconf 88' lang='lat' dir='ltr'><strong>aliud,</strong></span> <span class='ocrx_word' id='word_1_211' title='bbox 1488 1987 1650 2040; x_wconf 88' lang='lat' dir='ltr'><strong>certe</strong></span> <span class='ocrx_word' id='word_1_212' title='bbox 1686 1979 1761 2039; x_wconf 90' lang='lat' dir='ltr'><strong>sit</strong></span> <span class='ocrx_word' id='word_1_213' title='bbox 1790 1979 1937 2040; x_wconf 88' lang='lat' dir='ltr'><strong>nibil</strong></span> <span class='ocrx_word' id='word_1_214' title='bbox 1966 1978 2193 2039; x_wconf 93' lang='lat' dir='ltr'><strong>bonum</strong></span> <span class='ocrx_word' id='word_1_215' title='bbox 2224 1978 2384 2041; x_wconf 90' lang='lat' dir='ltr'><strong>aliud</strong></span> 
     </span>
     <span class='ocr_line' id='line_1_26' title="bbox 219 2061 2383 2143; baseline -0 -19"><span class='ocrx_word' id='word_1_216' title='bbox 219 2063 443 2142; x_wconf 87' lang='lat' dir='ltr'><strong>potius,</strong></span> <span class='ocrx_word' id='word_1_217' title='bbox 475 2063 525 2124; x_wconf 91' lang='lat' dir='ltr'><strong>si</strong></span> <span class='ocrx_word' id='word_1_218' title='bbox 556 2061 793 2141; x_wconf 86' lang='lat' dir='ltr'><strong>quidem</strong></span> <span class='ocrx_word' id='word_1_219' title='bbox 823 2062 916 2122; x_wconf 88' lang='lat' dir='ltr'><strong>vel</strong></span> <span class='ocrx_word' id='word_1_220' title='bbox 939 2063 996 2123; x_wconf 91' lang='lat' dir='ltr'><strong>di</strong></span> <span class='ocrx_word' id='word_1_221' title='bbox 1029 2064 1141 2143; x_wconf 89' lang='lat' dir='ltr'><strong>ipsi</strong></span> <span class='ocrx_word' id='word_1_222' title='bbox 1173 2064 1262 2125; x_wconf 89' lang='lat' dir='ltr'><strong>vel</strong></span> <span class='ocrx_word' id='word_1_223' title='bbox 1293 2082 1430 2124; x_wconf 88' lang='lat' dir='ltr'><strong>cum</strong></span> <span class='ocrx_word' id='word_1_224' title='bbox 1459 2064 1548 2124; x_wconf 92' lang='lat' dir='ltr'><strong>dis</strong></span> <span class='ocrx_word' id='word_1_225' title='bbox 1579 2065 1762 2125; x_wconf 86' lang='lat' dir='ltr'><strong>futuri</strong></span> <span class='ocrx_word' id='word_1_226' title='bbox 1794 2083 2016 2125; x_wconf 80' lang='lat' dir='ltr'><strong>sumuS.</strong></span> <span class='ocrx_word' id='word_1_227' title='bbox 2106 2063 2172 2125; x_wconf 85' lang='lat' dir='ltr'><strong>A.</strong></span> <span class='ocrx_word' id='word_1_228' title='bbox 2229 2063 2383 2135; x_wconf 88' lang='lat' dir='ltr'><strong>Quid</strong></span> 
     </span>
     <span class='ocr_line' id='line_1_27' title="bbox 219 2145 2384 2229; baseline 0.001 -20"><span class='ocrx_word' id='word_1_229' title='bbox 219 2145 446 2209; x_wconf 76' lang='lat' dir='ltr'><strong>refert?</strong></span> <span class='ocrx_word' id='word_1_230' title='bbox 492 2147 573 2208; x_wconf 89' lang='lat' dir='ltr'><strong>M.</strong></span> <span class='ocrx_word' id='word_1_231' title='bbox 600 2147 832 2209; x_wconf 83' lang='lat' dir='ltr'><strong>Adsunt</strong></span> <span class='ocrx_word' id='word_1_232' title='bbox 863 2148 1023 2210; x_wconf 91' lang='lat' dir='ltr'><strong>enim</strong></span> <span class='ocrx_word' id='word_1_233' title='bbox 1048 2149 1149 2228; x_wconf 92' lang='lat' dir='ltr'><strong>qui</strong></span> <span class='ocrx_word' id='word_1_234' title='bbox 1173 2149 1317 2210; x_wconf 88' lang='lat' dir='ltr'><strong>haec</strong></span> <span class='ocrx_word' id='word_1_235' title='bbox 1349 2168 1472 2210; x_wconf 90' lang='lat' dir='ltr'><strong>nou</strong></span> <span class='ocrx_word' id='word_1_236' title='bbox 1500 2149 1779 2228; x_wconf 87' lang='lat' dir='ltr'><strong>probent.</strong></span> <span class='ocrx_word' id='word_1_237' title='bbox 1832 2149 1959 2229; x_wconf 91' lang='lat' dir='ltr'><strong>Ego</strong></span> <span class='ocrx_word' id='word_1_238' title='bbox 1984 2157 2182 2210; x_wconf 89' lang='lat' dir='ltr'><strong>antem</strong></span> <span class='ocrx_word' id='word_1_239' title='bbox 2207 2168 2384 2210; x_wconf 90' lang='lat' dir='ltr'><strong>num-</strong></span> 
     </span>
     <span class='ocr_line' id='line_1_28' title="bbox 220 2233 2386 2313; baseline -0 -17"><span class='ocrx_word' id='word_1_240' title='bbox 220 2252 400 2313; x_wconf 91' lang='lat' dir='ltr'><strong>quam</strong></span> <span class='ocrx_word' id='word_1_241' title='bbox 432 2233 513 2295; x_wconf 89' lang='lat' dir='ltr'><strong>ita</strong></span> <span class='ocrx_word' id='word_1_242' title='bbox 542 2242 601 2294; x_wconf 89' lang='lat' dir='ltr'><strong>te</strong></span> <span class='ocrx_word' id='word_1_243' title='bbox 631 2233 694 2295; x_wconf 90' lang='lat' dir='ltr'><strong>in</strong></span> <span class='ocrx_word' id='word_1_244' title='bbox 724 2233 841 2295; x_wconf 88' lang='lat' dir='ltr'><strong>hoc</strong></span> <span class='ocrx_word' id='word_1_245' title='bbox 871 2251 1148 2295; x_wconf 89' lang='lat' dir='ltr'><strong>sermone</strong></span> <span class='ocrx_word' id='word_1_246' title='bbox 1180 2234 1504 2307; x_wconf 90' lang='lat' dir='ltr'><strong>dimittam,</strong></span> <span class='ocrx_word' id='word_1_247' title='bbox 1548 2235 1667 2295; x_wconf 91' lang='lat' dir='ltr'><strong>ulla</strong></span> <span class='ocrx_word' id='word_1_248' title='bbox 1707 2234 1792 2296; x_wconf 93' lang='lat' dir='ltr'><strong>uti</strong></span> <span class='ocrx_word' id='word_1_249' title='bbox 1824 2236 2054 2296; x_wconf 89' lang='lat' dir='ltr'><strong>ratione</strong></span> <span class='ocrx_word' id='word_1_250' title='bbox 2086 2253 2249 2297; x_wconf 88' lang='lat' dir='ltr'><strong>mors</strong></span> <span class='ocrx_word' id='word_1_251' title='bbox 2279 2235 2386 2296; x_wconf 92' lang='lat' dir='ltr'><strong>tibi</strong></span> 
     </span>
    </p>
   </div>
   <div class='ocr_carea' id='block_1_11' title="bbox 221 2432 2386 2914">
    <p class='ocr_par' dir='ltr' id='par_1_11' title="bbox 221 2432 2386 2843">
     <span class='ocr_line' id='line_1_29' title="bbox 223 2432 2383 2500; baseline -0 -14"><span class='ocrx_word' id='word_1_252' title='bbox 223 2434 473 2487; x_wconf 62' lang='lat' dir='ltr'><strong>satzliche</strong></span> <span class='ocrx_word' id='word_1_253' title='bbox 516 2432 727 2487; x_wconf 86' lang='lat' dir='ltr'><strong>Denken</strong></span> <span class='ocrx_word' id='word_1_254' title='bbox 773 2436 865 2486; x_wconf 81' lang='lat' dir='ltr'><strong>auf</strong></span> <span class='ocrx_word' id='word_1_255' title='bbox 903 2440 1096 2500; x_wconf 79' lang='lat' dir='ltr'><strong>etwas,</strong></span> <span class='ocrx_word' id='word_1_256' title='bbox 1144 2450 1252 2487; x_wconf 76' lang='lat' dir='ltr'><strong>was</strong></span> <span class='ocrx_word' id='word_1_257' title='bbox 1344 2442 1384 2486; x_wconf 79' lang='lat' dir='ltr'><strong>‘e</strong></span> <span class='ocrx_word' id='word_1_258' title='bbox 1429 2450 1716 2500; x_wconf 75' lang='lat' dir='ltr'><strong>corporum</strong></span> <span class='ocrx_word' id='word_1_259' title='bbox 1760 2436 1991 2485; x_wconf 76' lang='lat' dir='ltr'><strong>vinculis</strong></span> <span class='ocrx_word' id='word_1_260' title='bbox 2036 2440 2308 2500; x_wconf 80' lang='lat' dir='ltr'><strong>tamquam</strong></span> <span class='ocrx_word' id='word_1_261' title='bbox 2353 2453 2383 2485; x_wconf 88' lang='lat' dir='ltr'><strong>e</strong></span> 
     </span>
     <span class='ocr_line' id='line_1_30' title="bbox 221 2501 2381 2571; baseline 0 -17"><span class='ocrx_word' id='word_1_262' title='bbox 221 2518 343 2554; x_wconf 86' lang='lat' dir='ltr'><strong>man</strong></span> <span class='ocrx_word' id='word_1_263' title='bbox 370 2502 494 2554; x_wconf 86' lang='lat' dir='ltr'><strong>thun</strong></span> <span class='ocrx_word' id='word_1_264' title='bbox 521 2501 667 2565; x_wconf 84' lang='lat' dir='ltr'><strong>(oder</strong></span> <span class='ocrx_word' id='word_1_265' title='bbox 686 2504 955 2571; x_wconf 72' lang='lat' dir='ltr'><strong>spi-echon)</strong></span> <span class='ocrx_word' id='word_1_266' title='bbox 977 2502 1111 2565; x_wconf 87' lang='lat' dir='ltr'><strong>will;</strong></span> <span class='ocrx_word' id='word_1_267' title='bbox 1139 2504 1251 2556; x_wconf 84' lang='lat' dir='ltr'><strong>also</strong></span> <span class='ocrx_word' id='word_1_268' title='bbox 1357 2520 1572 2555; x_wconf 76' lang='lat' dir='ltr'><strong>earcere</strong></span> <span class='ocrx_word' id='word_1_269' title='bbox 1621 2503 1996 2565; x_wconf 78' lang='lat' dir='ltr'><strong>evolaverunt5</strong></span> <span class='ocrx_word' id='word_1_270' title='bbox 2043 2507 2219 2554; x_wconf 74' lang='lat' dir='ltr'><strong>vestra</strong></span> <span class='ocrx_word' id='word_1_271' title='bbox 2256 2519 2381 2555; x_wconf 80' lang='lat' dir='ltr'><strong>vero</strong></span> 
     </span>
     <span class='ocr_line' id='line_1_31' title="bbox 223 2571 2382 2637; baseline 0 -15"><span class='ocrx_word' id='word_1_272' title='bbox 223 2586 411 2623; x_wconf 77' lang='lat' dir='ltr'><strong>comm.</strong></span> <span class='ocrx_word' id='word_1_273' title='bbox 431 2572 623 2622; x_wconf 74' lang='lat' dir='ltr'><strong>mortis</strong></span> <span class='ocrx_word' id='word_1_274' title='bbox 651 2571 842 2634; x_wconf 78' lang='lat' dir='ltr'><strong>(woffir</strong></span> <span class='ocrx_word' id='word_1_275' title='bbox 865 2571 1089 2624; x_wconf 84' lang='lat' dir='ltr'><strong>nachher</strong></span> <span class='ocrx_word' id='word_1_276' title='bbox 1112 2575 1256 2623; x_wconf 75' lang='lat' dir='ltr'><strong>mort·</strong></span> <span class='ocrx_word' id='word_1_277' title='bbox 1392 2588 1495 2623; x_wconf 87' lang='lat' dir='ltr'><strong>uae</strong></span> <span class='ocrx_word' id='word_1_278' title='bbox 1530 2571 1733 2622; x_wconf 79' lang='lat' dir='ltr'><strong>dieitur</strong></span> <span class='ocrx_word' id='word_1_279' title='bbox 1766 2572 1905 2630; x_wconf 85' lang='lat' dir='ltr'><strong>vita,</strong></span> <span class='ocrx_word' id='word_1_280' title='bbox 1948 2586 2097 2621; x_wconf 75' lang='lat' dir='ltr'><strong>mors</strong></span> <span class='ocrx_word' id='word_1_281' title='bbox 2131 2577 2233 2637; x_wconf 70' lang='grc' dir='ltr'><strong>σείς</strong></span> <span class='ocrx_word' id='word_1_282' title='bbox 2278 2571 2382 2623; x_wconf 87' lang='lat' dir='ltr'><strong>und</strong></span> 
     </span>
     <span class='ocr_line' id='line_1_32' title="bbox 224 2607 2385 2706; baseline 0.001 -17"><span class='ocrx_word' id='word_1_283' title='bbox 224 2639 453 2703; x_wconf 75' lang='lat' dir='ltr'><strong>discere)</strong></span> <span class='ocrx_word' id='word_1_284' title='bbox 474 2637 850 2706; x_wconf 78' lang='lat' dir='ltr'><strong>Vorbereitung</strong></span> <span class='ocrx_word' id='word_1_285' title='bbox 875 2639 967 2692; x_wconf 82' lang='lat' dir='ltr'><strong>aus</strong></span> <span class='ocrx_word' id='word_1_286' title='bbox 999 2639 1097 2693; x_wconf 86' lang='lat' dir='ltr'><strong>den</strong></span> <span class='ocrx_word' id='word_1_287' title='bbox 1123 2639 1251 2693; x_wconf 88' lang='lat' dir='ltr'><strong>Tod.</strong></span> <span class='ocrx_word' id='word_1_288' title='bbox 1401 2639 1651 2706; x_wconf 82' lang='lat' dir='ltr'><strong>uripides.</strong></span> <span class='ocrx_word' id='word_1_289' title='bbox 1708 2643 1790 2690; x_wconf 70' lang='grc' dir='ltr'><strong>τίς</strong></span> <span class='ocrx_word' id='word_1_290' title='bbox 1840 2607 2019 2703; x_wconf 66' lang='grc' dir='ltr'><strong>οῖ’ὃεν,</strong></span> <span class='ocrx_word' id='word_1_291' title='bbox 2074 2642 2126 2689; x_wconf 79' lang='grc' dir='ltr'><strong>εἰ</strong></span> <span class='ocrx_word' id='word_1_292' title='bbox 2171 2641 2236 2690; x_wconf 82' lang='grc' dir='ltr'><strong>τὸ</strong></span> <span class='ocrx_word' id='word_1_293' title='bbox 2286 2641 2385 2706; x_wconf 83' lang='grc' dir='ltr'><strong>ζῆν</strong></span> 
     </span>
     <span class='ocr_line' id='line_1_33' title="bbox 223 2706 2386 2774; baseline 0.002 -18"><span class='ocrx_word' id='word_1_294' title='bbox 223 2706 620 2772; x_wconf 79' lang='lat' dir='ltr'><strong>Vgl.ll.18‚42</strong></span> <span class='ocrx_word' id='word_1_295' title='bbox 644 2706 1095 2774; x_wconf 80' lang='grc'><strong>11.111.16,34.-</strong></span> <span class='ocrx_word' id='word_1_296' title='bbox 1119 2707 1461 2774; x_wconf 65' lang='grc' dir='ltr'><strong>Ρ111.μέν</strong></span> <span class='ocrx_word' id='word_1_297' title='bbox 1485 2712 1604 2759; x_wconf 74' lang='grc' dir='ltr'><strong><em>ἐστι</em></strong></span> <span class='ocrx_word' id='word_1_298' title='bbox 1626 2706 1953 2770; x_wconf 68' lang='grc' dir='ltr'><strong><em>κατθανεῖν,</em></strong></span> <span class='ocrx_word' id='word_1_299' title='bbox 1985 2709 2051 2759; x_wconf 78' lang='grc' dir='ltr'><strong>τὸ</strong></span> <span class='ocrx_word' id='word_1_300' title='bbox 2075 2707 2386 2761; x_wconf 69' lang='grc' dir='ltr'><strong><em>κατθανεῖν</em></strong></span> 
     </span>
     <span class='ocr_line' id='line_1_34' title="bbox 228 2728 2164 2843; baseline 0.003 -18"><span class='ocrx_word' id='word_1_301' title='bbox 228 2774 390 2827; x_wconf 80' lang='lat' dir='ltr'><strong>Phad.</strong></span> <span class='ocrx_word' id='word_1_302' title='bbox 429 2790 481 2840; x_wconf 85' lang='lat' dir='ltr'><strong>p.</strong></span> <span class='ocrx_word' id='word_1_303' title='bbox 510 2774 645 2828; x_wconf 80' lang='lat' dir='ltr'><strong>67d=</strong></span> <span class='ocrx_word' id='word_1_304' title='bbox 698 2775 773 2827; x_wconf 84' lang='grc' dir='ltr'><strong>Τὸ</strong></span> <span class='ocrx_word' id='word_1_305' title='bbox 805 2746 1083 2843; x_wconf 76' lang='grc' dir='ltr'><strong>μελέτημα</strong></span> <span class='ocrx_word' id='word_1_306' title='bbox 1119 2777 1253 2828; x_wconf 77' lang='grc' dir='ltr'><strong><em>αὐτὸ</em></strong></span> <span class='ocrx_word' id='word_1_307' title='bbox 1354 2728 1420 2827; x_wconf 73' lang='grc' dir='ltr'><strong>δὲ</strong></span> <span class='ocrx_word' id='word_1_308' title='bbox 1460 2777 1573 2842; x_wconf 83' lang='grc' dir='ltr'><strong>ζῆν.</strong></span> <span class='ocrx_word' id='word_1_309' title='bbox 1645 2774 1698 2830; x_wconf 88' lang='lat' dir='ltr'><strong>S.</strong></span> <span class='ocrx_word' id='word_1_310' title='bbox 1736 2775 1867 2827; x_wconf 79' lang='lat' dir='ltr'><strong>auch</strong></span> <span class='ocrx_word' id='word_1_311' title='bbox 1904 2791 1948 2827; x_wconf 86' lang='lat' dir='ltr'><strong>z.</strong></span> <span class='ocrx_word' id='word_1_312' title='bbox 1978 2778 2057 2841; x_wconf 85' lang='grc'><strong>13,</strong></span> <span class='ocrx_word' id='word_1_313' title='bbox 2082 2778 2164 2830; x_wconf 86' lang='grc'><strong>29.</strong></span> 
     </span>
    </p>

    <p class='ocr_par' dir='ltr' id='par_1_12' title="bbox 229 2840 2382 2914">
     <span class='ocr_line' id='line_1_35' title="bbox 229 2840 2382 2914; baseline 0.002 -20"><span class='ocrx_word' id='word_1_314' title='bbox 229 2846 398 2895; x_wconf 77' lang='grc' dir='ltr'><strong><em>τοῦτό</em></strong></span> <span class='ocrx_word' id='word_1_315' title='bbox 431 2847 550 2895; x_wconf 71' lang='grc' dir='ltr'><strong>ἐστι</strong></span> <span class='ocrx_word' id='word_1_316' title='bbox 585 2851 702 2897; x_wconf 79' lang='grc' dir='ltr'><strong>τῶν</strong></span> <span class='ocrx_word' id='word_1_317' title='bbox 738 2840 1076 2914; x_wconf 74' lang='grc' dir='ltr'><strong>φιλοσόφων,</strong></span> <span class='ocrx_word' id='word_1_318' title='bbox 1112 2841 1258 2896; x_wconf 77' lang='grc' dir='ltr'><strong><em>λύσις</em></strong></span> <span class='ocrx_word' id='word_1_319' title='bbox 1432 2848 1512 2900; x_wconf 88' lang='grc'><strong>15.</strong></span> <span class='ocrx_word' id='word_1_320' title='bbox 1549 2847 1608 2895; x_wconf 82' lang='lat' dir='ltr'><strong>in</strong></span> <span class='ocrx_word' id='word_1_321' title='bbox 1635 2843 2028 2908; x_wconf 75' lang='lat' dir='ltr'><strong>Consolatione,</strong></span> <span class='ocrx_word' id='word_1_322' title='bbox 2062 2859 2104 2896; x_wconf 77' lang='lat' dir='ltr'><strong>s·</strong></span> <span class='ocrx_word' id='word_1_323' title='bbox 2131 2860 2174 2897; x_wconf 87' lang='lat' dir='ltr'><strong>z.</strong></span> <span class='ocrx_word' id='word_1_324' title='bbox 2196 2846 2280 2909; x_wconf 83' lang='lat'><strong>26,</strong></span> <span class='ocrx_word' id='word_1_325' title='bbox 2299 2849 2382 2898; x_wconf 83' lang='lat'><strong>65.</strong></span> 
     </span>
    </p>
   </div>
   <div class='ocr_carea' id='block_1_12' title="bbox 226 2865 2384 3112">
    <p class='ocr_par' dir='ltr' id='par_1_13' title="bbox 226 2865 2384 3112">
     <span class='ocr_line' id='line_1_36' title="bbox 226 2865 2384 2980; baseline 0 -17"><span class='ocrx_word' id='word_1_326' title='bbox 226 2915 320 2963; x_wconf 77' lang='grc' dir='ltr'><strong>καὶ</strong></span> <span class='ocrx_word' id='word_1_327' title='bbox 343 2915 619 2980; x_wconf 70' lang='grc' dir='ltr'><strong>χωρισμὸς</strong></span> <span class='ocrx_word' id='word_1_328' title='bbox 646 2917 820 2980; x_wconf 77' lang='grc' dir='ltr'><strong><em>ψυχῆς</em></strong></span> <span class='ocrx_word' id='word_1_329' title='bbox 843 2865 976 2964; x_wconf 83' lang='grc' dir='ltr'><strong>ἀπὸ</strong></span> <span class='ocrx_word' id='word_1_330' title='bbox 983 2916 1104 2978; x_wconf 80' lang='grc' dir='ltr'><strong>σώμ</strong></span> <span class='ocrx_word' id='word_1_331' title='bbox 1110 2928 1253 2965; x_wconf 71' lang='lat' dir='ltr'><strong>avoc.</strong></span> <span class='ocrx_word' id='word_1_332' title='bbox 1431 2914 1511 2966; x_wconf 85' lang='grc'><strong>16.</strong></span> <span class='ocrx_word' id='word_1_333' title='bbox 1566 2913 1664 2964; x_wconf 75' lang='lat' dir='ltr'><strong>kae</strong></span> <span class='ocrx_word' id='word_1_334' title='bbox 1710 2929 1826 2975; x_wconf 71' lang='lat' dir='ltr'><strong>res,</strong></span> <span class='ocrx_word' id='word_1_335' title='bbox 1877 2883 2178 2965; x_wconf 77' lang='grc' dir='ltr'><em>δεικτικῶς·</em></span> <span class='ocrx_word' id='word_1_336' title='bbox 2242 2884 2384 2964; x_wconf 66' lang='lat' dir='ltr'><strong>d⁹iese</strong></span> 
     </span>
     <span class='ocr_line' id='line_1_37' title="bbox 298 2934 1514 3047; baseline 0 -15"><span class='ocrx_word' id='word_1_337' title='bbox 298 2982 346 3032; x_wconf 76' lang='lat'><strong>5.</strong></span> <span class='ocrx_word' id='word_1_338' title='bbox 381 2995 562 3030; x_wconf 71' lang='lat' dir='ltr'><strong>secum</strong></span> <span class='ocrx_word' id='word_1_339' title='bbox 596 2996 706 3031; x_wconf 72' lang='lat' dir='ltr'><strong>esse</strong></span> <span class='ocrx_word' id='word_1_340' title='bbox 741 2980 853 3032; x_wconf 85' lang='lat' dir='ltr'><strong>sich</strong></span> <span class='ocrx_word' id='word_1_341' title='bbox 898 2934 1104 3033; x_wconf 68' lang='grc' dir='ltr'><strong>81111131μ</strong></span> <span class='ocrx_word' id='word_1_342' title='bbox 1098 2996 1255 3047; x_wconf 85' lang='lat' dir='ltr'><strong>ange·</strong></span> <span class='ocrx_word' id='word_1_343' title='bbox 1360 2978 1514 3032; x_wconf 85' lang='lat' dir='ltr'><strong>Welt.</strong></span> 
     </span>
     <span class='ocr_line' id='line_1_38' title="bbox 226 3042 2384 3112; baseline -0 -12"><span class='ocrx_word' id='word_1_344' title='bbox 226 3047 406 3112; x_wconf 73' lang='lat' dir='ltr'><strong>boren,</strong></span> <span class='ocrx_word' id='word_1_345' title='bbox 460 3048 558 3100; x_wconf 83' lang='lat' dir='ltr'><strong>wie</strong></span> <span class='ocrx_word' id='word_1_346' title='bbox 595 3049 704 3100; x_wconf 85' lang='lat' dir='ltr'><strong>Cat.</strong></span> <span class='ocrx_word' id='word_1_347' title='bbox 741 3047 808 3101; x_wconf 83' lang='grc' dir='ltr'><strong>Μ.</strong></span> <span class='ocrx_word' id='word_1_348' title='bbox 839 3052 918 3112; x_wconf 90' lang='grc'><strong>14,</strong></span> <span class='ocrx_word' id='word_1_349' title='bbox 943 3052 1038 3103; x_wconf 80' lang='lat'><strong>49:</strong></span> <span class='ocrx_word' id='word_1_350' title='bbox 1075 3064 1253 3100; x_wconf 69' lang='lat' dir='ltr'><strong>seeum</strong></span> <span class='ocrx_word' id='word_1_351' title='bbox 1429 3052 1509 3102; x_wconf 87' lang='grc'><strong>19.</strong></span> <span class='ocrx_word' id='word_1_352' title='bbox 1530 3049 1730 3100; x_wconf 83' lang='lat' dir='ltr'><strong>dudum</strong></span> <span class='ocrx_word' id='word_1_353' title='bbox 1747 3042 1966 3100; x_wconf 86' lang='lat' dir='ltr'><strong>‘vorhin’</strong></span> <span class='ocrx_word' id='word_1_354' title='bbox 1978 3049 2090 3103; x_wconf 86' lang='lat' dir='ltr'><strong>bez.</strong></span> <span class='ocrx_word' id='word_1_355' title='bbox 2116 3049 2266 3101; x_wconf 87' lang='lat' dir='ltr'><strong>einen</strong></span> <span class='ocrx_word' id='word_1_356' title='bbox 2291 3064 2384 3099; x_wconf 90' lang='lat' dir='ltr'><strong>un-</strong></span> 
     </span>
    </p>
   </div>
   <div class='ocr_carea' id='block_1_13' title="bbox 226 3116 2387 3319">
    <p class='ocr_par' dir='ltr' id='par_1_14' title="bbox 226 3116 2387 3319">
     <span class='ocr_line' id='line_1_39' title="bbox 226 3116 2387 3183; baseline 0.001 -17"><span class='ocrx_word' id='word_1_357' title='bbox 226 3132 337 3167; x_wconf 73' lang='lat' dir='ltr'><strong>eue</strong></span> <span class='ocrx_word' id='word_1_358' title='bbox 372 3130 670 3182; x_wconf 78' lang='lat' dir='ltr'><strong>secumque,</strong></span> <span class='ocrx_word' id='word_1_359' title='bbox 704 3122 767 3167; x_wconf 78' lang='lat' dir='ltr'><strong>ut</strong></span> <span class='ocrx_word' id='word_1_360' title='bbox 801 3117 1021 3181; x_wconf 76' lang='lat' dir='ltr'><strong>dieitur,</strong></span> <span class='ocrx_word' id='word_1_361' title='bbox 1057 3120 1251 3173; x_wconf 82' lang='lat' dir='ltr'><strong>vivere.</strong></span> <span class='ocrx_word' id='word_1_362' title='bbox 1354 3117 1528 3182; x_wconf 67' lang='lat' dir='ltr'><strong>langst</strong></span> <span class='ocrx_word' id='word_1_363' title='bbox 1546 3117 1920 3180; x_wconf 78' lang='lat' dir='ltr'><strong>dagewesenen</strong></span> <span class='ocrx_word' id='word_1_364' title='bbox 1933 3116 2387 3183; x_wconf 75' lang='lat' dir='ltr'><strong>Zeitpunkt,w5ih-</strong></span> 
     </span>
     <span class='ocr_line' id='line_1_40' title="bbox 298 3184 2380 3249; baseline -0.001 -12"><span class='ocrx_word' id='word_1_365' title='bbox 298 3186 349 3237; x_wconf 88' lang='grc'><strong>6.</strong></span> <span class='ocrx_word' id='word_1_366' title='bbox 388 3186 707 3249; x_wconf 77' lang='lat' dir='ltr'><strong>ecquidnam</strong></span> <span class='ocrx_word' id='word_1_367' title='bbox 748 3185 904 3237; x_wconf 79' lang='lat' dir='ltr'><strong>aliud</strong></span> <span class='ocrx_word' id='word_1_368' title='bbox 945 3191 1022 3237; x_wconf 80' lang='lat' dir='ltr'><strong>est</strong></span> <span class='ocrx_word' id='word_1_369' title='bbox 1041 3188 1167 3249; x_wconf 73' lang='lat' dir='ltr'><strong>nisi,</strong></span> <span class='ocrx_word' id='word_1_370' title='bbox 1206 3201 1248 3240; x_wconf 87' lang='lat' dir='ltr'><strong>s.</strong></span> <span class='ocrx_word' id='word_1_371' title='bbox 1355 3184 1482 3236; x_wconf 88' lang='lat' dir='ltr'><strong>rend</strong></span> <span class='ocrx_word' id='word_1_372' title='bbox 1513 3184 1729 3249; x_wconf 80' lang='lat' dir='ltr'><strong>pridem</strong></span> <span class='ocrx_word' id='word_1_373' title='bbox 1765 3184 1915 3236; x_wconf 84' lang='lat' dir='ltr'><strong>einen</strong></span> <span class='ocrx_word' id='word_1_374' title='bbox 1939 3184 2380 3238; x_wconf 80' lang='lat' dir='ltr'><strong>Zeitunterschied</strong></span> 
     </span>
     <span class='ocr_line' id='line_1_41' title="bbox 229 3250 2384 3319; baseline 0.001 -17"><span class='ocrx_word' id='word_1_375' title='bbox 229 3250 278 3303; x_wconf 83' lang='lat' dir='ltr'><strong>d.</strong></span> <span class='ocrx_word' id='word_1_376' title='bbox 298 3250 376 3304; x_wconf 84' lang='grc'><strong>111.</strong></span> <span class='ocrx_word' id='word_1_377' title='bbox 400 3252 637 3318; x_wconf 82' lang='lat' dir='ltr'><strong>Anhang.</strong></span> <span class='ocrx_word' id='word_1_378' title='bbox 1358 3267 1460 3303; x_wconf 86' lang='lat' dir='ltr'><strong>von</strong></span> <span class='ocrx_word' id='word_1_379' title='bbox 1487 3251 1728 3304; x_wconf 86' lang='lat' dir='ltr'><strong>Monaten</strong></span> <span class='ocrx_word' id='word_1_380' title='bbox 1764 3252 1889 3304; x_wconf 86' lang='lat' dir='ltr'><strong>oder</strong></span> <span class='ocrx_word' id='word_1_381' title='bbox 1919 3252 2108 3305; x_wconf 80' lang='lat' dir='ltr'><strong>Jahren</strong></span> <span class='ocrx_word' id='word_1_382' title='bbox 2147 3252 2384 3319; x_wconf 77' lang='lat' dir='ltr'><strong>angiebt3</strong></span> 
     </span>
    </p>
   </div>
   <div class='ocr_carea' id='block_1_14' title="bbox 230 3320 2388 3796">
    <p class='ocr_par' dir='ltr' id='par_1_15' title="bbox 230 3320 2386 3659">
     <span class='ocr_line' id='line_1_42' title="bbox 299 3320 2384 3388; baseline 0 -18"><span class='ocrx_word' id='word_1_383' title='bbox 299 3323 348 3370; x_wconf 85' lang='lat'><strong>7.</strong></span> <span class='ocrx_word' id='word_1_384' title='bbox 386 3322 522 3371; x_wconf 68' lang='lat' dir='ltr'><strong>milti</strong></span> <span class='ocrx_word' id='word_1_385' title='bbox 561 3321 715 3372; x_wconf 81' lang='lat' dir='ltr'><strong>erede</strong></span> <span class='ocrx_word' id='word_1_386' title='bbox 752 3320 884 3386; x_wconf 88' lang='lat' dir='ltr'><strong>(dies</strong></span> <span class='ocrx_word' id='word_1_387' title='bbox 918 3320 1002 3373; x_wconf 87' lang='lat' dir='ltr'><strong>die</strong></span> <span class='ocrx_word' id='word_1_388' title='bbox 1044 3321 1253 3388; x_wconf 83' lang='lat' dir='ltr'><strong>regelm.</strong></span> <span class='ocrx_word' id='word_1_389' title='bbox 1359 3321 1464 3387; x_wconf 84' lang='lat' dir='ltr'><strong>vgl.</strong></span> <span class='ocrx_word' id='word_1_390' title='bbox 1492 3320 1555 3373; x_wconf 86' lang='lat' dir='ltr'><strong>de</strong></span> <span class='ocrx_word' id='word_1_391' title='bbox 1580 3335 1654 3372; x_wconf 84' lang='lat' dir='ltr'><strong>or.</strong></span> <span class='ocrx_word' id='word_1_392' title='bbox 1674 3320 1707 3373; x_wconf 92' lang='lat' dir='ltr'><strong>l.</strong></span> <span class='ocrx_word' id='word_1_393' title='bbox 1728 3323 1953 3385; x_wconf 83' lang='grc'><strong>47,206;</strong></span> <span class='ocrx_word' id='word_1_394' title='bbox 1978 3321 2032 3373; x_wconf 91' lang='lat' dir='ltr'><strong>ll.</strong></span> <span class='ocrx_word' id='word_1_395' title='bbox 2045 3324 2128 3385; x_wconf 89' lang='grc'><strong>65,</strong></span> <span class='ocrx_word' id='word_1_396' title='bbox 2140 3322 2241 3373; x_wconf 90' lang='grc'><strong>262</strong></span> <span class='ocrx_word' id='word_1_397' title='bbox 2264 3336 2315 3372; x_wconf 90' lang='grc'><strong>11.</strong></span> <span class='ocrx_word' id='word_1_398' title='bbox 2335 3335 2384 3372; x_wconf 92' lang='lat' dir='ltr'><strong>o.</strong></span> 
     </span>
     <span class='ocr_line' id='line_1_43' title="bbox 233 3383 2386 3472; baseline 0 -34"><span class='ocrx_word' id='word_1_399' title='bbox 233 3386 608 3455; x_wconf 78' lang='lat' dir='ltr'><strong>Wortstellung</strong></span> <span class='ocrx_word' id='word_1_400' title='bbox 657 3388 740 3441; x_wconf 87' lang='lat' dir='ltr'><strong>bei</strong></span> <span class='ocrx_word' id='word_1_401' title='bbox 760 3388 901 3472; x_wconf 86' lang='lat' dir='ltr'><strong>Gie.)</strong></span> <span class='ocrx_word' id='word_1_402' title='bbox 943 3383 1056 3441; x_wconf 80' lang='lat' dir='ltr'><strong>‘aus</strong></span> <span class='ocrx_word' id='word_1_403' title='bbox 1086 3389 1255 3442; x_wconf 85' lang='lat' dir='ltr'><strong>meine</strong></span> <span class='ocrx_word' id='word_1_404' title='bbox 1430 3392 1704 3455; x_wconf 71' lang='lat' dir='ltr'><strong>2l.potius</strong></span> <span class='ocrx_word' id='word_1_405' title='bbox 1725 3389 1795 3440; x_wconf 84' lang='lat' dir='ltr'><strong>ist</strong></span> <span class='ocrx_word' id='word_1_406' title='bbox 1819 3390 1961 3441; x_wconf 87' lang='lat' dir='ltr'><strong>nicht</strong></span> <span class='ocrx_word' id='word_1_407' title='bbox 1978 3388 2128 3455; x_wconf 85' lang='lat' dir='ltr'><strong>Adv.,</strong></span> <span class='ocrx_word' id='word_1_408' title='bbox 2162 3387 2386 3441; x_wconf 85' lang='lat' dir='ltr'><strong>sondern</strong></span> 
     </span>
     <span class='ocr_line' id='line_1_44' title="bbox 230 3447 1817 3523; baseline 0.001 -16"><span class='ocrx_word' id='word_1_409' title='bbox 230 3454 610 3523; x_wconf 74' lang='lat' dir='ltr'><strong>versicherung</strong></span> <span class='ocrx_word' id='word_1_410' title='bbox 669 3447 794 3523; x_wconf 85' lang='lat' dir='ltr'><strong>hin&#39;,</strong></span> <span class='ocrx_word' id='word_1_411' title='bbox 863 3457 1083 3509; x_wconf 86' lang='lat' dir='ltr'><strong>namlich</strong></span> <span class='ocrx_word' id='word_1_412' title='bbox 1144 3457 1255 3510; x_wconf 76' lang='lat' dir='ltr'><strong>dass</strong></span> <span class='ocrx_word' id='word_1_413' title='bbox 1358 3456 1537 3509; x_wconf 83' lang='lat' dir='ltr'><strong>Neutr.</strong></span> <span class='ocrx_word' id='word_1_414' title='bbox 1574 3457 1667 3510; x_wconf 82' lang='lat' dir='ltr'><strong>des</strong></span> <span class='ocrx_word' id='word_1_415' title='bbox 1701 3456 1817 3521; x_wconf 86' lang='lat' dir='ltr'><strong>Adj.</strong></span> 
     </span>
     <span class='ocr_line' id='line_1_45' title="bbox 231 3497 2386 3592; baseline 0.001 -19"><span class='ocrx_word' id='word_1_416' title='bbox 231 3523 345 3575; x_wconf 84' lang='lat' dir='ltr'><strong>dies</strong></span> <span class='ocrx_word' id='word_1_417' title='bbox 380 3539 619 3576; x_wconf 85' lang='lat' dir='ltr'><strong>unserem</strong></span> <span class='ocrx_word' id='word_1_418' title='bbox 642 3497 818 3577; x_wconf 69' lang='lat' dir='ltr'><strong>Geist’e</strong></span> <span class='ocrx_word' id='word_1_419' title='bbox 842 3540 921 3577; x_wconf 88' lang='lat' dir='ltr'><strong>am</strong></span> <span class='ocrx_word' id='word_1_420' title='bbox 948 3526 1252 3592; x_wconf 78' lang='lat' dir='ltr'><strong>zutriiglieh·</strong></span> <span class='ocrx_word' id='word_1_421' title='bbox 1430 3526 1512 3576; x_wconf 86' lang='lat' dir='ltr'><strong>vel</strong></span> <span class='ocrx_word' id='word_1_422' title='bbox 1535 3525 1594 3576; x_wconf 83' lang='lat' dir='ltr'><strong>di</strong></span> <span class='ocrx_word' id='word_1_423' title='bbox 1615 3528 1722 3591; x_wconf 71' lang='lat' dir='ltr'><strong>ipsi</strong></span> <span class='ocrx_word' id='word_1_424' title='bbox 1757 3526 1886 3576; x_wconf 87' lang='lat' dir='ltr'><strong>nach</strong></span> <span class='ocrx_word' id='word_1_425' title='bbox 1923 3525 2014 3577; x_wconf 86' lang='lat' dir='ltr'><strong>der</strong></span> <span class='ocrx_word' id='word_1_426' title='bbox 2040 3523 2258 3576; x_wconf 86' lang='lat' dir='ltr'><strong>Ansieht</strong></span> <span class='ocrx_word' id='word_1_427' title='bbox 2293 3523 2386 3577; x_wconf 86' lang='lat' dir='ltr'><strong>des</strong></span> 
     </span>
     <span class='ocr_line' id='line_1_46' title="bbox 230 3593 1972 3659; baseline 0.002 -17"><span class='ocrx_word' id='word_1_428' title='bbox 230 3597 346 3643; x_wconf 79' lang='lat' dir='ltr'><strong>sten</strong></span> <span class='ocrx_word' id='word_1_429' title='bbox 382 3593 467 3645; x_wconf 91' lang='lat' dir='ltr'><strong>ist.</strong></span> <span class='ocrx_word' id='word_1_430' title='bbox 1358 3593 1647 3659; x_wconf 85' lang='lat' dir='ltr'><strong>Euripides,</strong></span> <span class='ocrx_word' id='word_1_431' title='bbox 1691 3608 1735 3645; x_wconf 78' lang='lat' dir='ltr'><strong>e.</strong></span> <span class='ocrx_word' id='word_1_432' title='bbox 1772 3595 1855 3657; x_wconf 90' lang='grc'><strong>26,</strong></span> <span class='ocrx_word' id='word_1_433' title='bbox 1890 3594 1972 3646; x_wconf 89' lang='grc'><strong>65.</strong></span> 
     </span>
    </p>

    <p class='ocr_par' dir='ltr' id='par_1_16' title="bbox 232 3659 2388 3796">
     <span class='ocr_line' id='line_1_47' title="bbox 305 3659 2388 3728; baseline -0.001 -14"><span class='ocrx_word' id='word_1_434' title='bbox 305 3663 382 3715; x_wconf 85' lang='grc'><strong>13.</strong></span> <span class='ocrx_word' id='word_1_435' title='bbox 424 3660 557 3725; x_wconf 80' lang='lat' dir='ltr'><strong>Quo,</strong></span> <span class='ocrx_word' id='word_1_436' title='bbox 595 3660 693 3711; x_wconf 83' lang='lat' dir='ltr'><strong>wie</strong></span> <span class='ocrx_word' id='word_1_437' title='bbox 719 3659 811 3712; x_wconf 84' lang='lat' dir='ltr'><strong>das</strong></span> <span class='ocrx_word' id='word_1_438' title='bbox 835 3661 1255 3728; x_wconf 83' lang='lat' dir='ltr'><strong>vorhergehende</strong></span> <span class='ocrx_word' id='word_1_439' title='bbox 1428 3663 1509 3714; x_wconf 92' lang='grc'><strong>22.</strong></span> <span class='ocrx_word' id='word_1_440' title='bbox 1521 3661 1735 3712; x_wconf 78' lang='lat' dir='ltr'><strong>Adsunt</strong></span> <span class='ocrx_word' id='word_1_441' title='bbox 1756 3664 1922 3711; x_wconf 83' lang='lat' dir='ltr'><strong>enim:</strong></span> <span class='ocrx_word' id='word_1_442' title='bbox 1948 3661 2031 3713; x_wconf 86' lang='lat' dir='ltr'><strong>die</strong></span> <span class='ocrx_word' id='word_1_443' title='bbox 2045 3659 2388 3727; x_wconf 78' lang='lat' dir='ltr'><strong>Begri’indung</strong></span> 
     </span>
     <span class='ocr_line' id='line_1_48' title="bbox 232 3726 2388 3796; baseline 0 -18"><span class='ocrx_word' id='word_1_444' title='bbox 232 3728 367 3787; x_wconf 76' lang='lat' dir='ltr'><strong>illie,</strong></span> <span class='ocrx_word' id='word_1_445' title='bbox 401 3728 491 3780; x_wconf 80' lang='lat' dir='ltr'><strong>aus</strong></span> <span class='ocrx_word' id='word_1_446' title='bbox 523 3730 765 3781; x_wconf 73' lang='lat' dir='ltr'><strong>caelestis</strong></span> <span class='ocrx_word' id='word_1_447' title='bbox 797 3732 912 3781; x_wconf 82' lang='lat' dir='ltr'><strong>vita</strong></span> <span class='ocrx_word' id='word_1_448' title='bbox 948 3731 1076 3782; x_wconf 85' lang='lat' dir='ltr'><strong>bezo</strong></span> <span class='ocrx_word' id='word_1_449' title='bbox 1115 3745 1195 3782; x_wconf 86' lang='lat' dir='ltr'><strong>en.</strong></span> <span class='ocrx_word' id='word_1_450' title='bbox 1359 3729 1452 3782; x_wconf 84' lang='lat' dir='ltr'><strong>des</strong></span> <span class='ocrx_word' id='word_1_451' title='bbox 1488 3730 1671 3781; x_wconf 76' lang='lat' dir='ltr'><strong>voi-her</strong></span> <span class='ocrx_word' id='word_1_452' title='bbox 1707 3744 1770 3780; x_wconf 85' lang='lat' dir='ltr'><strong>zu</strong></span> <span class='ocrx_word' id='word_1_453' title='bbox 1808 3728 2163 3796; x_wconf 84' lang='lat' dir='ltr'><strong>erganzenden</strong></span> <span class='ocrx_word' id='word_1_454' title='bbox 2199 3726 2388 3788; x_wconf 78' lang='lat' dir='ltr'><strong>Refert</strong></span> 
     </span>
    </p>
   </div>
   <div class='ocr_carea' id='block_1_15' title="bbox 239 3794 2385 3932">
    <p class='ocr_par' dir='ltr' id='par_1_17' title="bbox 239 3794 2385 3932">
     <span class='ocr_line' id='line_1_49' title="bbox 303 3794 2385 3864; baseline -0 -17"><span class='ocrx_word' id='word_1_455' title='bbox 303 3801 415 3848; x_wconf 80' lang='lat' dir='ltr'><strong>tum</strong></span> <span class='ocrx_word' id='word_1_456' title='bbox 435 3796 661 3862; x_wconf 83' lang='lat' dir='ltr'><strong>denique</strong></span> <span class='ocrx_word' id='word_1_457' title='bbox 679 3800 929 3853; x_wconf 75' lang='lat' dir='ltr'><strong>vivemus.</strong></span> <span class='ocrx_word' id='word_1_458' title='bbox 946 3796 1060 3863; x_wconf 76' lang='lat' dir='ltr'><strong>vgl.</strong></span> <span class='ocrx_word' id='word_1_459' title='bbox 1110 3814 1255 3864; x_wconf 87' lang='lat' dir='ltr'><strong>erep.</strong></span> <span class='ocrx_word' id='word_1_460' title='bbox 1359 3814 1512 3856; x_wconf 66' lang='lat' dir='ltr'><strong>vet-03</strong></span> <span class='ocrx_word' id='word_1_461' title='bbox 1562 3796 1665 3861; x_wconf 86' lang='lat' dir='ltr'><strong>vgl.</strong></span> <span class='ocrx_word' id='word_1_462' title='bbox 1705 3800 1754 3860; x_wconf 90' lang='grc'><strong>6,</strong></span> <span class='ocrx_word' id='word_1_463' title='bbox 1786 3801 1870 3850; x_wconf 84' lang='lat'><strong>11:</strong></span> <span class='ocrx_word' id='word_1_464' title='bbox 1919 3798 2050 3861; x_wconf 73' lang='lat' dir='ltr'><strong>Quis</strong></span> <span class='ocrx_word' id='word_1_465' title='bbox 2086 3799 2245 3847; x_wconf 80' lang='lat' dir='ltr'><strong>enim.</strong></span> <span class='ocrx_word' id='word_1_466' title='bbox 2314 3794 2385 3847; x_wconf 85' lang='lat' dir='ltr'><strong>Da</strong></span> 
     </span>
     <span class='ocr_line' id='line_1_50' title="bbox 239 3862 2385 3932; baseline 0 -19"><span class='ocrx_word' id='word_1_467' title='bbox 239 3862 318 3916; x_wconf 87' lang='lat' dir='ltr'><strong>vl.</strong></span> <span class='ocrx_word' id='word_1_468' title='bbox 348 3868 435 3917; x_wconf 91' lang='grc'><strong>14·</strong></span> <span class='ocrx_word' id='word_1_469' title='bbox 477 3865 644 3917; x_wconf 86' lang='lat' dir='ltr'><strong>Immo</strong></span> <span class='ocrx_word' id='word_1_470' title='bbox 679 3881 808 3916; x_wconf 84' lang='lat' dir='ltr'><strong>vero</strong></span> <span class='ocrx_word' id='word_1_471' title='bbox 841 3868 886 3915; x_wconf 83' lang='lat' dir='ltr'><strong>ii</strong></span> <span class='ocrx_word' id='word_1_472' title='bbox 920 3868 1126 3932; x_wconf 83' lang='lat' dir='ltr'><strong>vivunt,</strong></span> <span class='ocrx_word' id='word_1_473' title='bbox 1165 3872 1258 3932; x_wconf 77' lang='lat' dir='ltr'><strong>qui</strong></span> <span class='ocrx_word' id='word_1_474' title='bbox 1361 3865 1452 3917; x_wconf 87' lang='lat' dir='ltr'><strong>der</strong></span> <span class='ocrx_word' id='word_1_475' title='bbox 1495 3864 1720 3918; x_wconf 76' lang='lat' dir='ltr'><strong>Zuhorer</strong></span> <span class='ocrx_word' id='word_1_476' title='bbox 1765 3865 1928 3917; x_wconf 81' lang='lat' dir='ltr'><strong>sehon</strong></span> <span class='ocrx_word' id='word_1_477' title='bbox 1973 3865 2253 3928; x_wconf 77' lang='lat' dir='ltr'><strong>fiberzeugt</strong></span> <span class='ocrx_word' id='word_1_478' title='bbox 2298 3864 2385 3925; x_wconf 85' lang='lat' dir='ltr'><strong>ist,</strong></span> 
     </span>
    </p>
   </div>
  </div>
 </body>
</html>
