2834 4317
22 118 25 309 ζ
192 208 197 214 ’
1031 209 1220 263 LIBER
1255 210 1332 264 111.
1370 213 1453 276 34,
1474 213 1555 264 84.
2281 209 2363 268 53

22 316 29 439 1
224 380 353 453 erit,
397 381 644 460 singulis
671 382 1190 464 disputationibus
1259 383 1543 463 Superest
1576 381 1737 442 enim
1770 380 1943 443 nobis
1972 382 2110 458 hoc,
2141 383 2366 444 cuicui-

221 465 381 526 modi
411 474 517 537 est,
550 466 755 528 otium.

389 551 506 612 Sed
529 552 676 614 ratio
702 571 818 613 una
846 553 1110 613 omnium
1137 560 1227 614 est
1247 550 1703 630 aegritudinum,
1720 552 1892 631 plura
1917 552 2175 614 nomina.
2219 553 2365 614 Nam

221 644 280 696 et
324 636 586 697 invidere
630 637 1014 716 aegritudinis
1045 645 1135 699 est
1164 645 1223 698 et
1251 636 1534 697 aemulari
1566 644 1626 698 et
1654 637 1981 698 obtrectare
2013 647 2071 698 et
2100 638 2366 699 misereri

144 730 173 780 5
215 729 274 781 et
293 721 449 800 angi,
468 721 691 801 lugere,
715 741 996 796 maerere,
1021 740 1302 783 aerumna
1332 721 1520 796 adfici,
1552 720 1882 795 lamentari,
1907 721 2226 796 sollicitari,
2257 723 2365 783 do-

221 805 365 885 lere,
396 806 459 868 in
484 806 752 869 molestia
783 827 930 882 esse,
960 807 1260 882 adflictari,
1292 807 1623 886 desperare.
1669 807 1829 868 Haec
1860 807 2057 868 omnia
2080 809 2370 869 definiunt
2412 816 2472 866 84

222 890 438 965 Stoici,
483 909 669 971 eaque
699 891 894 967 verba,
921 910 1072 971 quae
1102 892 1253 966 dixi,
1283 892 1649 972 singularum
1680 909 1881 953 rerum
1912 903 2085 966 sunt,
2119 912 2272 967 non,
2305 902 2372 954 ut

218 977 522 1051 videntur,
555 978 786 1039 easdem
817 996 914 1039 res
941 977 1307 1057 significant,
1338 977 1440 1039 sed
1472 976 1690 1055 aliquid
1721 977 2019 1051 differunt,
2051 978 2210 1057 quod
2253 978 2367 1040 alio

222 1061 357 1122 loco
386 1063 635 1124 fortasse
675 1062 1075 1125 tractabimus.
1146 1063 1310 1124 Haec
1338 1071 1482 1124 sunt
1519 1062 1653 1124 illae
1682 1062 1866 1123 fibrae
1893 1063 2183 1142 stirpium,
2227 1081 2373 1143 quas

29 1174 49 1229 '>
126 1155 182 1206 10
223 1146 391 1208 initio
424 1147 572 1221 dixi,
616 1144 1063 1228 persequendae
1095 1158 1155 1210 et
1197 1165 1404 1210 omnes
1448 1147 1784 1227 eligendae,
1827 1166 1904 1209 ne
1945 1166 2222 1227 umquam
2253 1149 2370 1210 ulla

222 1231 410 1311 possit
440 1232 739 1294 exsistere.

394 1317 676 1396 Magnum
706 1336 858 1398 opus
888 1326 947 1378 et
974 1317 1244 1392 difficile,
1276 1316 1409 1396 quis
1441 1313 1662 1394 negat?
1708 1315 1849 1394 quid
1867 1324 2078 1387 ‚autem
2106 1317 2371 1397 praecla-

222 1420 357 1463 rum
390 1419 513 1464 non
545 1401 700 1465 idem
731 1401 1024 1464 arduum?
1081 1403 1182 1464 sed
1207 1413 1403 1463 tamen
1435 1400 1494 1462 id
1524 1420 1588 1463 se
1618 1401 1960 1462 effecturam
2000 1401 2371 1482 philosophia

221 1487 568 1566 profitetur,
612 1507 724 1550 nos
753 1488 930 1549 modo
974 1487 1343 1549 curationem
1385 1487 1512 1548 eius
1552 1485 1922 1566 recipiamus.
1982 1486 2196 1548 Verum
2228 1487 2373 1548 haec

120 1579 175 1631 15
219 1571 459 1650 quidem
490 1573 810 1648 hactenus3
863 1582 1056 1635 cetera
1087 1572 1620 1651 quotienscumque
1660 1570 1867 1633 voletis
1898 1579 1956 1632 et
1996 1573 2112 1633 hoc
2150 1572 2283 1634 loco
2313 1581 2375 1634 et

219 1656 352 1719 aliis
379 1665 579 1737 parata
608 1658 773 1720 vobis
804 1666 999 1720 erunt.

220 1807 514 1859 entlehnter
549 1807 849 1871 Ausdruck,
894 1808 998 1874 vgl.
1046 1809 1111 1860 de
1146 1808 1248 1861 div.
1359 1809 1483 1862 184.
1508 1806 1651 1859 illud
1673 1807 1972 1871 adsentior,
2003 1810 2081 1873 19,
2104 1811 2193 1861 70:
2231 1810 2378 1876 quod

217 1874 275 1930 11.
302 1876 386 1938 72,
416 1877 538 1927 149:
575 1880 639 1926 ut
665 1876 862 1941 religio
888 1877 1248 1943 propaganda
1352 1891 1616 1940 arguare;
1664 1877 1902 1941 29,117:
1959 1877 2093 1942 quid
2120 1883 2374 1944 praestet.

222 1945 384 1994 etiam
409 1947 518 1996 est.
538 1981 570 2008 .,
607 1946 686 1994 sic
701 1947 1103 2009 superstitionis
1125 1947 1249 1996 stir-
1351 1971 1417 1982 —
1456 1943 1585 1995 Alio
1623 1943 1764 1996 Ioco:
1800 1951 1958 1996 unten
1959 1894 2064 1997 9Ν.
2089 1961 2132 1999 c.
2155 1948 2203 1998 8.

218 2027 314 2076 pes
337 2027 520 2063 omnes
546 2012 838 2078 eligendae.
892 2012 1090 2065 Anders
1114 2013 1246 2064 oben
1419 2014 1470 2066 9.
1505 2013 1665 2078 Haec,
1700 2027 1742 2065 s.
1777 2013 1903 2064 zui.
1931 2016 2011 2077 11,
2036 2014 2119 2065 22.

221 2078 529 2145 11.11,27:
570 2080 789 2133 elidunt.
1410 2095 1544 2144 quas
1565 2083 1724 2132 initio
1750 2081 1893 2134 dixi.
1918 2096 1963 2133 c.
1989 2082 2038 2146 6,
2062 2084 2150 2143 133
2176 2082 2374 2148 eligen-

295 2151 341 2199 1.
393 2149 492 2199 Ιιοσ
518 2176 588 2186 -
615 2151 780 2199 otium
807 2140 914 2200 ‘die
948 2147 1116 2201 Musse
1160 2148 1249 2200 da·
1350 2148 1469 2212 dae,
1503 2163 1545 2201 s.
1580 2164 1645 2199 zu
1682 2150 1714 2214 ξ
1743 2151 1825 2202 83.

223 2205 333 2276 zu'3
355 2230 398 2270 s,
417 2215 454 2269 1.
479 2219 558 2280 19,
577 2219 642 2268 45
659 2232 722 2267 zu
738 2219 867 2267 llaec
876 2217 1247 2283 pulchritudo
1423 2217 1504 2268 12.
1536 2217 1968 2282 praeclarum—
1986 2217 2231 2269 arduum.
2303 2216 2373 2270 So

283 2284 613 2335 cuicuimodi
629 2286 740 2347 (aus
762 2285 877 2336 dem
897 2285 1247 2349 ungebrauch-
1351 2283 1423 2334 ist
1447 2284 1529 2334 ein
1566 2283 1756 2367 griech.
1784 2283 2128 2352 Sprichwort:
2163 2281 2375 2348 χαλεπὰ

225 2350 396 2403 lichen
446 2352 903 2403 enimenim-modi
945 2351 1104 2435 durch
1144 2352 1247 2404 Ab·
1349 2347 1423 2402 τὰ
1457 2347 1614 2403 καλά.

224 2417 464 2487 kiirzung
508 2419 834 2481 entstanden)
869 2426 970 2472 est:
1011 2412 1137 2472 ‘wie
1172 2424 1248 2472 sie
1425 2421 1505 2471 14.
1556 2420 1754 2472 Verum
1789 2421 1920 2470 haec
1953 2419 2165 2485 quidem
2199 2421 2375 2470 Ιιαοεε-

225 2487 359 2539 auch
409 2494 555 2540 sonst
603 2487 896 2541 beschaffen
940 2488 1051 2540 sein
1086 2478 1249 2554 mag',
1350 2502 1471 2552 nus,
1505 2487 1629 2540 oder
1652 2487 1759 2539 Sed
1792 2488 1921 2537 haec
1953 2487 2164 2552 quidem
2200 2490 2376 2538 hacte-

227 2553 276 2607 d.
304 2555 356 2607 h.
397 2571 456 2609 so
482 2556 848 2608 uuerwunscht
877 2557 953 2609 sie
988 2557 1084 2608 mir
1118 2556 1247 2609 auch
1350 2570 1455 2605 nus
1502 2554 1584 2616 (de
1621 2554 1707 2607 off.
1743 2553 1779 2606 1.
1816 2556 1898 2620 26,
1936 2557 2023 2619 91)
2069 2554 2193 2607 oder
2238 2555 2381 2607 blora

226 2638 291 2674 an
329 2623 443 2675 sich
477 2628 560 2676 ist.
630 2623 749 2690 Vgl.
773 2623 835 2675 V.
858 2627 944 2691 41,
965 2627 1077 2678 121.
1353 2622 1462 2674 Sed
1482 2625 1611 2675 haee
1631 2623 2102 2688 hactenus(1b39,
2123 2625 2255 2689 140),
2291 2622 2382 2675 die

297 2692 347 2743 3.
384 2695 529 2742 ratio
554 2683 812 2744 ‘'.Wesen
1355 2690 1638 2743 einsachste
1651 2690 1852 2742 Formel
1870 2689 1958 2742 der
1974 2695 2262 2758 revocatio,
2281 2692 2376 2743 mit

297 2763 346 2811 4.
384 2759 743 2826 aegrae'tudinis
778 2765 880 2811 est.
916 2761 985 2811 ist
1021 2760 1135 2812 eine
1164 2759 1252 2811 Er·
1353 2758 1581 2811 welcher
1601 2774 1716 2811 eine
1734 2759 1943 2826 langere
1960 2731 2262 2826 Exposition
2286 2759 2380 2810 ab·

227 2827 519 2893 scheinung
550 2827 633 2879 od.
653 2829 945 2894 Aurserung
963 2827 1054 2880 der
1076 2831 1253 2894 aeg-ri-
1354 2826 1645 2892 gebrochen
1660 2826 1807 2893 wird‚
1824 2842 1909 2879 um
1928 2843 1990 2879 zu
2007 2825 2373 2880 etwasNeuem

223 2895 372 2948 tudo.
1354 2895 1732 2976 fiberzugehen.
1759 2866 1956 2948 G’riech.
1970 2895 2256 2948 καὶταῦτα
2272 2897 2384 2978 μὲν

294 2965 343 3016 8.
382 2963 598 3029 aliquid
631 2963 911 3026 differunt,
945 2962 1048 3014 wie
1083 2961 1147 3014 de
1178 2978 1250 3015 or.
1355 2981 1583 3015 τοιαυτα
1631 2964 1755 3015 oder
1804 2965 1895 3014 καὶ
1943 2963 2118 3016 ταῦτα
2160 2965 2262 3032 μὲν
2309 2960 2381 3030 δὴ

220 3031 258 3082 1.
297 3034 346 3097 9,
374 3033 466 3085 35:
510 3031 694 3082 Cetera
730 3032 1032 3092 adsentior3
1068 3029 1144 3082 111.
1169 3033 1253 3096 48,
1353 3031 1544 3084 ταῦτα.
