2834 4317
405 123 492 184 24
1111 125 1299 178 LIBER
1332 126 1409 181 m.
1451 129 1532 192 15,
1550 127 1633 181 33.
1677 129 1752 193 16,
1777 129 1861 181 34.

408 298 644 381 provisa
676 307 734 360 et
762 306 1097 379 exspectata
1135 299 1257 360 sint
1284 296 1403 360 sive
1434 298 1908 360 inveteraverint.
1969 299 2113 360 Nam
2161 318 2356 379 neque
2395 309 2570 362 vetu-

406 394 556 447 state
586 385 776 446 minui
807 384 958 445 mala
982 401 1094 444 nec
1125 384 1252 445 fieri
1284 383 1701 463 praemeditata
1733 382 1971 453 leviora,
2001 384 2359 463 stultamque
2390 386 2570 447 etiam

408 488 536 532 esse
560 469 1003 530 meditationem
1027 469 1211 530 futuri
1245 469 1378 529 mali
1409 478 1513 529 aut
1537 468 1786 530 fortasse
1809 488 1886 529 ne
1911 470 2094 530 futuri
2119 470 2388 549 quidem;
2419 471 2566 532 satis

406 552 534 616 esse
566 554 832 615 odiosum
868 554 1083 615 malum
1117 561 1322 626 omne,
1345 571 1480 614 cum
1512 554 1800 625 venisset;
1830 554 1931 632 qui
1962 563 2161 615 autem
2192 573 2429 636 semper
2458 573 2565 616 co-

405 640 703 718 gitavisset
726 639 994 699 accidere
1016 657 1190 718 posse
1214 639 1431 718 aliquid
1460 638 1705 710 adversi,
1738 639 1787 697 ei
1815 639 1939 699 fieri
1964 638 2104 700 illud
2130 639 2563 720 sempiternum
2608 650 2645 700 5

405 724 624 786 malum
642 742 659 798 3
690 724 738 785 si
767 742 905 785 vero
936 742 1014 784 ne
1045 725 1308 786 futurum
1356 723 1598 802 quidem
1627 722 1724 793 sit,
1764 725 1980 785 frustra
2013 724 2232 804 suscipi
2263 725 2560 787 miseriam

403 808 827 882 voluntariam;
854 809 931 868 ita
962 827 1197 889 semper
1229 809 1365 888 angi
1391 817 1495 869 aut
1522 808 1871 887 accipiendo
1907 817 2009 870 aut
2037 809 2354 887 cogitando
2386 810 2563 871 malo.

304 905 362 955 33
406 894 782 955 Levationem
815 902 1009 954 autem
1041 893 1427 972 aegritudinis
1456 894 1518 954 in
1544 892 1774 954 duabus
1795 892 1974 954 rebus
1997 895 2185 973 ponit,
2216 895 2563 956 avocatione

291 1021 301 1033 .
407 996 438 1038 a
471 978 781 1058 cogitanda
812 980 1076 1041 molestia
1103 987 1162 1041 et
1184 979 1560 1039 revocatione
1585 978 1655 1037 ad
1682 979 2169 1058 contemplandas
2197 979 2559 1061 voluptates:
2819 986 2824 1065 l

405 1081 618 1142 parere
649 1064 806 1124 enim
840 1073 1046 1125 censet
1073 1063 1332 1123 animum
1365 1063 1580 1124 rationi
1604 1081 1780 1142 posse
1803 1072 1863 1123 et
1892 1082 2013 1142 quo
2044 1063 2138 1123 illa
2163 1064 2340 1125 ducat
2368 1065 2560 1144 sequi.
2609 1074 2672 1127 10
2825 1100 2826 1129 ι

404 1148 576 1209 Vetat
595 1149 778 1228 igitur
799 1149 947 1209 ratio
978 1149 1194 1210 intueri
1221 1148 1537 1220 molestias,
1570 1147 1857 1208 abstrahit
1884 1148 1959 1209 ab
1987 1149 2217 1210 acerbis
2247 1150 2559 1229 cogitatio-

405 1233 613 1305 nibuS,
646 1233 919 1295 hebetem
951 1233 1090 1294 facit
1118 1233 1301 1293 aciem
1332 1234 1402 1293 ad
1435 1233 1703 1293 miserias
1732 1233 2235 1313 contemplandas,
2275 1254 2305 1294 a
2338 1235 2559 1314 quibus

406 1336 541 1379 cum
567 1319 795 1379 'cecinit
823 1318 1108 1398 receptui,
1141 1318 1389 1398 impellit
1411 1335 1651 1379 rursum
1678 1326 1737 1379 et
1765 1318 1971 1379 incitat
2002 1318 2070 1378 ad
2104 1320 2559 1399 conspiciendas

403 1411 642 1482 totaque
659 1412 859 1466 mente
881 1402 1333 1465 contrectandas
1354 1403 1541 1464 varias
1563 1402 1911 1482 voluptates,
1933 1403 2151 1483 quibus
2174 1403 2270 1465 ille
2294 1415 2354 1465 et
2378 1423 2557 1484 prae-

400 1488 707 1550 teritarum
735 1488 1017 1549 memoria
1042 1498 1101 1549 et
1123 1507 1228 1566 spe
1254 1488 1752 1567 consequentium
1770 1488 2054 1568 sapientis
2075 1489 2249 1548 vitam
2274 1491 2556 1550 refertam
2605 1499 2664 1550 15

399 1580 588 1651 putat.
662 1573 821 1633 Haec
854 1581 1058 1633 nostro
1088 1592 1254 1633 more
1287 1592 1397 1634 nos
1427 1573 1698 1644 diximus,
1734 1572 1997 1652 Epicurii
2029 1573 2237 1635 dicunt
2264 1593 2404 1649 suo;
2448 1576 2552 1636 sed

405 1675 557 1735 quae
588 1657 787 1718 dicant
813 1657 1129 1731 videamus,
1163 1676 1282 1737 quo
1313 1658 1511 1727 modo,
1542 1657 1943 1738 neglegamus.

295 1728 369 1783 1⁶
575 1742 878 1822 Principio
901 1742 1530 1822 malereprehendunt
1558 1744 2143 1823 praemeditationem
2165 1761 2366 1804 rerum
2390 1744 2552 1805 futu-

295 1809 359 1859 84
400 1845 625 1887 rarum.
650 1826 805 1887 Nihil
828 1836 918 1888 est
939 1827 1119 1900 enim,
1145 1828 1303 1907 quod
1326 1836 1445 1890 tam
1478 1827 1770 1891 obtundat
1792 1829 2096 1907 elevetque
2119 1829 2548 1907 aegritudinem

212 1910 218 1915 ”
402 1929 578 1990 quam
608 1920 899 1990 perpetua
929 1912 990 1972 in
1025 1915 1186 1973 omni
1219 1914 1328 1973 vita
1361 1914 1641 1993 cogitatio
1674 1913 1817 1974 nihil
1853 1932 2001 1985 esse,
2044 1915 2203 1993 quod
2237 1933 2358 1975 non
2392 1915 2550 1975 acci·
2597 1926 2660 1978 2⁰

400 1998 543 2058 dere
585 1997 787 2075 possit,
834 2015 1008 2075 quam
1054 1997 1349 2060 meditatio
1395 1997 1767 2059 condicionis
1808 1998 2130 2070 humanae,
2183 2017 2356 2077 quam
2397 2000 2551 2061 vitae

398 2082 490 2142 lex
536 2082 1075 2161 commentatioque
1117 2083 1395 2161 parendi,
1442 2100 1594 2166 quae
1636 2102 1758 2143 non
1805 2083 1920 2143 hoc
1956 2082 2176 2156 adfert,
2220 2093 2285 2144 ut
2313 2103 2553 2163 semper

1523 2232 1756 2298 deutung
1792 2232 2031 2298 ergeben.

1594 2301 1673 2352 16.
1695 2301 1944 2366 Epicur-ii
1968 2329 2020 2338 -
2037 2316 2153 2352 suo.
2194 2300 2308 2367 Vgl.
2329 2300 2411 2353 die
2430 2301 2552 2353 sehr

1521 2367 1882 2420 umfassenden
1919 2366 2214 2431 Vorwnrl'e,
2257 2368 2456 2422 welche
2492 2384 2550 2422 er

1521 2434 1557 2486 1.
1595 2438 1644 2497 3,
1682 2437 1714 2486 6
1763 2435 1861 2487 den
1896 2436 2184 2488 romischen
2233 2436 2550 2502 Epiknreern

470 2235 515 2284 1.
550 2234 998 2284 inveteraverint:
1037 2232 1106 2283 im
1131 2231 1416 2298 Gegensatz

399 2315 463 2353 zu
511 2298 677 2352 Zenos
723 2298 885 2351 Lehre
936 2314 1040 2352 von
1096 2299 1187 2352 der
1236 2316 1420 2351 reeens

399 2370 585 2434 opinio
618 2367 674 2434 (5
713 2370 802 2429 25)
840 2371 1039 2434 gesagt.

467 2439 515 2490 4.
553 2435 626 2488 Zn
661 2438 889 2487 venisset
910 2435 1043 2488 nach
1066 2441 1259 2502 censet,
1294 2436 1420 2487 wel-

399 2503 521 2556 ches
541 2503 625 2556 die
643 2504 817 2555 truher
835 2502 1420 2572 ansgesprocheneMei-

395 2587 538 2638 nung
572 2572 713 2624 eines
743 2571 1092 2638 Philosophen
1130 2572 1206 2624 als
1231 2586 1424 2638 gegen-

395 2641 581 2706 wiirtig
605 2640 845 2705 einsiihrt,
871 2641 974 2707 vgl.
996 2642 1080 2705 26,
1107 2642 1198 2693 63:
1235 2645 1422 2691 immo·

398 2708 614 2759 lavisset
646 2708 778 2759 nach
812 2710 1102 2762 invehitur.

464 2778 511 2829 8.
549 2778 892 2840 avocatione,
935 2792 1007 2828 sc.
1043 2779 1231 2829 animi.
1299 2775 1418 2842 Vgl.

395 2842 681 2895 ausserdem
729 2857 774 2896 z.
809 2843 845 2895 l.
885 2847 965 2907 11,
1008 2847 1104 2896 24:
1162 2847 1320 2909 quasi
1359 2847 1420 2894 in

395 2911 743 2964 domicilium.

464 2980 544 3031 11.
600 2979 759 3030 Vetat
806 2981 986 3043 igitur
1037 2981 1209 3042 ratio,
1264 2979 1419 3032 niiml.

392 3047 522 3097 nach
561 3043 782 3112 Epikurs
816 3046 1048 3098 Ansicht.

465 3116 544 3167 12.
581 3115 812 3165 hebetem
844 3113 986 3174 facit
1021 3117 1188 3165 aciem
1223 3114 1299 3165 ad
1329 3143 1414 3179 —‚

336 3238 357 3253 x
392 3182 492 3233 wie
530 3181 593 3233 ad
631 3181 749 3232 fam.
774 3179 898 3233 Vm.
925 3184 1007 3246 13,
1033 3186 1087 3235 1:
1123 3198 1295 3249 neque
1328 3184 1414 3233 lie-

393 3251 479 3300 bes
514 3251 587 3301 ad
606 3251 689 3315 id,
734 3250 880 3315 quod
909 3251 1100 3302 melius
1133 3255 1220 3313 sit,
1254 3251 1414 3301 intel-

389 3316 689 3383 legendum.
738 3317 850 3384 Vgl.
870 3317 925 3369 ll.
946 3320 994 3380 6,
1019 3322 1080 3371 15
1100 3334 1162 3370 zu
1182 3320 1255 3370 ad
1273 3321 1415 3370 lianc

388 3390 705 3438 sententiam
740 3386 967 3437 docilem
1001 3403 1058 3437 se
1084 3388 1353 3452 praebuit.

462 3456 539 3507 13.
567 3457 765 3505 cecinit
791 3457 1034 3521 receptui
1056 3477 1124 3497 =
1149 3458 1413 3507 avocavit.

457 3538 692 3587 rursum,
730 3522 830 3575 wie
864 3521 901 3576 1.
939 3526 1021 3586 17,
1045 3525 1139 3581 4ος
1176 3529 1414 3574 contree-

387 3592 507 3638 tare
535 3605 637 3641 von
673 3589 918 3656 geistiger
943 3590 1291 3657 Betrachtung
1325 3606 1412 3657 ge-

385 3656 618 3719 braucht,
656 3658 756 3707 wie
792 3658 855 3709 de
891 3673 962 3709 or.
999 3658 1076 3711 ΙΙΙ.
1102 3662 1150 3720 6,
1188 3662 1270 3712 24.
1325 3658 1412 3710 Je-

387 3723 519 3775 doch
546 3724 678 3776 muts
704 3725 817 3776 sich
842 3726 1021 3778 immet
1046 3733 1150 3780 erst
1178 3743 1270 3781 aus
1295 3727 1411 3779 dem

384 3791 831 3859 zusammenhang
888 3793 972 3847 die
1024 3795 1270 3849 bildliche
1317 3793 1412 3847 Be·

1523 2504 1710 2555 macht.

1595 2573 1675 2623 18.
1700 2571 1840 2621 male
1861 2570 2281 2636 reprehendunt:
2319 2572 2395 2624 sie
2418 2572 2549 2624 thun

1523 2638 1752 2692 Unreclit.
1788 2637 1960 2702 daran,
1999 2654 2061 2689 zu
2100 2638 2291 2703 tadeln,
2325 2655 2368 2692 s,
2406 2657 2448 2693 z.
2482 2639 2545 2693 V.

1522 2710 1606 2769 37,
1648 2710 1774 2760 109:
1810 2708 1973 2757 stulte
2007 2711 2328 2774 anteposuit.

1592 2779 1673 2828 20.
1710 2775 1855 2826 nihil
1883 2791 2010 2825 esse.
2079 2774 2179 2827 Der
2212 2774 2334 2827 Ace.
2367 2791 2410 2828 c.
2447 2775 2543 2827 lnf.

1521 2843 1755 2897 schliel'st
1800 2842 1910 2894 sich
1960 2842 2227 2896 bisweilen
2274 2844 2403 2895 anch
2448 2858 2544 2895 un-

1523 2911 1783 2963 mittelhar
1814 2925 1878 2962 an
1905 2910 2081 2963 solche
2107 2910 2280 2963 Subst.
2310 2926 2392 2975 an,
2419 2912 2543 2964 wel-

1523 2980 1618 3031 che
1671 2980 1787 3032 eine
1836 2978 2054 3044 geistige
2102 2977 2401 3043 Tbiitigkeit
2458 2980 2548 3032 be·

1519 3048 1783 3099 zeichnen.
1867 3044 1936 3097 So
1985 3046 2049 3099 de
2099 3046 2185 3098 ofl'.
2233 3046 2289 3098 ll.
2340 3050 2390 3107 6,
2444 3050 2544 3101 222

1516 3116 1809 3165 Ducuntur
1844 3144 1908 3153 -—
1945 3131 2038 3180 spe
2070 3117 2174 3165 sibi
2209 3116 2270 3165 id
2300 3116 2434 3166 utile
2456 3114 2547 3176 fu·

1518 3187 1718 3233 turum.
1762 3182 1874 3248 Vgl.
1897 3198 1939 3234 z.
1960 3183 1995 3234 l.
2016 3184 2203 3244 22,52=
2224 3197 2329 3247 quo
2347 3188 2545 3235 monet.

1585 3267 1695 3302 nan
1733 3251 1991 3314 accidere,
2032 3266 2077 3303 ε.
2118 3254 2197 3311 14,
2230 3252 2294 3303 30
2332 3267 2396 3302 zu
2431 3267 2545 3303 non

1518 3335 1746 3370 evenire.

1587 3389 1671 3442 21.
1706 3390 1846 3437 vitae
1882 3386 1995 3450 Iex,
2031 3401 2279 3451 genauer:
2327 3385 2411 3438 die
2446 3384 2546 3439 Be-

1519 3455 1802 3522 herzigung
1825 3453 1915 3505 der
1950 3454 2037 3504 lex
2059 3458 2206 3505 vitae
2227 3454 2402 3518 (nfiml.
2429 3453 2543 3506 dass

1517 3538 1633 3574 man
1654 3523 1984 3576 niehtimmer
1996 3521 2256 3588 glficklich
2278 3523 2386 3574 sein
2403 3521 2543 3573 kann

1516 3590 1622 3642 und
1643 3591 1735 3642 das
1754 3589 1991 3657 Ungltick
2016 3591 2066 3640 in
2089 3590 2347 3657 wurdiger
2366 3589 2544 3643 Weise

1518 3665 1750 3726 ertragen
1789 3657 1958 3723 murs).

1577 3729 1658 3780 22.
1674 3730 2046 3778 commentatio
2055 3717 2307 3792 parendi‘
2317 3725 2400 3777 die
2415 3723 2545 3777 Vor-

1517 3794 1789 3861 bereitung
1842 3809 1958 3846 zum
2014 3794 2292 3847 Gehorsam
2352 3794 2544 3859 (gegen
