2834 4317
160 1111 218 1160 10

164 1537 221 1586 15

919 158 1107 212 LIBER
1141 158 1179 213 ι.
1216 162 1299 225 35,
1338 161 1423 213 86.
1461 160 1545 225 36,
1585 162 1665 213 ετ.
1702 160 1784 211 88.
2308 154 2314 204 1
2348 158 2429 216 85

259 331 579 393 lamitatesl
613 330 774 392 Haec
796 338 987 391 morte
1012 331 1398 411 effugiuntur,
1420 331 1595 392 etiam
1620 331 1668 393 si
1694 350 1817 392 non
1844 338 2190 406 evenerunt,
2212 339 2431 405 tamen,

261 418 404 496 quia
450 424 703 496 possunt
748 417 1017 492 evenire3
1063 418 1166 478 sed
1211 418 1486 479 homines
1531 434 1596 477 ea
1643 415 1756 477 sibi
1805 415 2070 477 accidere
2101 435 2277 495 posse
2308 437 2430 479 non

261 503 551 581 cogitant.
597 501 817 562 Metelli
848 511 1047 580 sperat
1076 501 1187 563 sibi
1220 503 1474 582 quisque
1505 503 1823 576 fortunam,
1855 501 2108 581 proinde
2138 504 2302 581 quasi
2334 513 2436 564 aut

262 588 471 668 plures
502 586 789 649 fortunati
835 586 955 647 sint
999 606 1175 665 quam
1220 589 1489 650 infelices
1535 594 1636 649 aut
1680 588 1827 648 certi
1872 586 2190 665 quicquam
2249 588 2325 650 sit
2369 589 2430 650 in

262 673 446 734 rebus
476 672 753 734 humanis
783 678 884 733 aut
912 690 1153 752 sperare
1185 674 1262 734 sit
1292 673 1645 753 prudentius
1674 689 1852 751 quam
1884 672 2114 733 timere.

437 757 553 818 Sed
583 758 695 818 hoc
741 758 936 837 ipsum
970 759 1351 834 concedatur,
1382 757 1558 820 bonis
1579 756 1762 819 rebus
1785 757 2059 820 homines
2086 767 2276 818 morte
2301 758 2423 837 pri·
2459 764 2536 819 86

260 842 419 919 vari3
465 860 608 922 ergo
651 842 825 903 etiam
871 860 1074 903 carere
1104 852 1374 905 mortuos
1402 844 1553 904 vitae
1585 842 1909 904 commodis
1953 841 2146 922 idque·
2165 861 2294 904 esse
2324 844 2434 904 mi·
2478 854 2535 904 87

263 926 518 990 serum?
563 926 735 988 Certe
765 927 844 988 ita
876 927 1076 989 dicant
1108 948 1348 991 necesse
1379 937 1488 991 est.
1576 930 1667 989 An
1706 936 1903 1008 potest
1933 928 2000 1000 is,
2035 928 2134 1007 qui
2169 948 2290 989 non
2322 937 2430 1003 est,

263 1033 332 1074 re
363 1013 480 1075 ulla
517 1010 758 1075 carere?
803 1013 996 1074 Triste
1029 1014 1190 1074 enim
1221 1022 1311 1075 est
1342 1033 1564 1075 nomen
1596 1014 1789 1093 ipsum
1822 1013 2088 1086 carendi,
2122 1015 2258 1093 quia
2288 1014 2432 1076 sub·
2488 1011 2547 1078 d
2532 1055 2575 1078 ι

259 1099 443 1160 icitur
485 1099 631 1159 haec
658 1099 776 1160 vis:
822 1097 1055 1175 habuit,
1102 1118 1227 1160 non
1258 1099 1468 1174 habet3
1514 1099 1826 1178 desiderat,
1870 1098 2140 1178 requirit,
2187 1099 2432 1180 indiget.

261 1183 444 1255 Haec,
477 1183 714 1263 opinor,
744 1183 1121 1245 incommoda
1151 1192 1293 1247 sunt
1321 1184 1610 1246 carentis:
1644 1193 1806 1245 caret
1835 1184 2043 1258 oculis,
2074 1183 2276 1246 odiosa
2300 1204 2433 1247 cae-

262 1270 444 1345 citas3
477 1268 702 1341 liberiS,
734 1269 976 1330 orbitas.
1045 1269 1212 1330 Valet
1238 1270 1355 1331 hoc
1385 1270 1448 1331 in
1479 1270 1642 1343 viviS,
1673 1277 2047 1329 mortuorum
2079 1277 2272 1330 autem
2307 1289 2430 1331 non

2582 1066 2698 1116 *aa

2700 1119 2777 1182 ¹³1³..

261 1355 442 1415 modo
475 1354 623 1414 vitae
656 1354 1015 1428 commodis,
1062 1353 1167 1415 sed
1212 1373 1288 1415 ne
1317 1355 1434 1415 vita
1481 1353 1719 1433 quidem
1749 1353 1875 1433 ipsa
1908 1353 2219 1432 quisquam
2251 1366 2432 1416 caret.

262 1440 351 1501 De
380 1439 633 1500 mortuis
662 1438 895 1518 loquor,
929 1440 1030 1518 qui
1063 1440 1210 1501 nulli
1242 1447 1411 1516 sunt3
1447 1459 1577 1514 noe,
1610 1439 1710 1518 qui
1742 1457 1968 1511 sumus,
2002 1456 2146 1499 num
2169 1448 2271 1501 aut
2295 1458 2423 1501 cor-

268 1525 448 1586 nibus
480 1542 756 1586 caremus
787 1534 890 1585 aut
918 1523 1169 1604 pinnis?
1200 1526 1405 1604 ecquis
1438 1526 1498 1586 id·
1527 1522 1782 1586 dixerit?
1814 1523 1985 1586 Certe
2017 1543 2215 1585 nemo.
2275 1525 2432 1597 Quid

264 1608 390 1672 ita?
443 1609 611 1683 Quia,
644 1628 780 1670 cum
811 1609 870 1671 id
901 1629 1025 1671 non
1055 1610 1307 1685 habeas,
1356 1611 1515 1690 quod
1547 1610 1654 1671 tibi
1684 1628 1799 1671 nec
1828 1628 1943 1671 usu
1975 1629 2088 1671 nec
2118 1622 2331 1672 natura
2358 1612 2436 1673 sit

264 1704 488 1776 aptum,
521 1714 642 1756 non
678 1713 901 1769 careaS,
933 1695 1107 1756 etiam
1140 1697 1188 1756 si
1219 1696 1439 1758 sentias
1467 1704 1526 1757 te
1558 1714 1681 1756 non
1706 1695 1943 1756 habere.
1995 1695 2124 1756 Hoc
2154 1715 2435 1776 premen-
2479 1704 2538 1755 88

266 1781 406 1841 dum
440 1780 616 1841 etiam
647 1788 825 1859 atque
856 1780 1029 1841 etiam
1066 1788 1155 1843 est
1178 1790 1596 1860 argumentum
1629 1782 1981 1842 confirmato
2013 1781 2144 1855 illo,
2190 1782 2263 1843 de
2295 1801 2435 1862 quo,

267 1866 316 1927 si
348 1866 629 1927 mortales
657 1865 838 1927 animi
871 1874 1044 1940 sunt,
1091 1866 1362 1928 dubitare
1396 1886 1518 1928 non
1550 1885 1902 1947 possumus,
1934 1866 2078 1945 quin
2111 1875 2313 1930 tantus
2342 1868 2434 1928 in-

266 1952 479 2013 teritus
507 1951 570 2011 in
603 1960 796 2012 morte
826 1951 933 2023 sit,
963 1959 1032 2012 ut
1063 1971 1139 2013 ne
1172 1952 1411 2013 minima
1447 1952 1687 2031 quidem
1718 1952 1977 2031 suspicio
2010 1971 2221 2014 sensus
2250 1953 2436 2013 relin-

267 2044 520 2115 quatur3
566 2036 681 2097 hoc
724 2036 906 2115 igitur
934 2036 1125 2117 probe
1171 2038 1430 2100 stabilito
1475 2044 1535 2099 et
1563 2039 1680 2098 fixo
1725 2037 1866 2098 illud
1900 2037 2316 2098 excutiendum
2349 2047 2438 2100 est

269 2272 403 2322 utile
436 2273 522 2322 rei
549 2271 804 2337 publicae
827 2269 945 2333 fuit
979 2273 1203 2323 haur-ire
1227 2289 1311 2323 me

269 2355 441 2390 unum
485 2355 590 2405 pro
639 2342 882 2390 omnibus
927 2340 1079 2391 illam
1127 2342 1312 2407 indig-

269 2410 550 2458 nissimam
587 2409 978 2472 calamitatem,
1014 2411 1175 2459 etiam
1211 2411 1311 2461 hoc

267 2478 408 2528 utile
444 2481 526 2526 est
558 2479 657 2528 cet.

342 2546 389 2597 8.
427 2544 515 2594 An
535 2549 714 2609 potest
735 2547 835 2596 cet.
889 2541 1007 2594 Man
1049 2543 1309 2611 suppliere

270 2613 488 2664 vorher:
527 2612 636 2663 Sed
665 2628 777 2663 non
799 2616 945 2663 recte
970 2613 1175 2663 dicunt.
1239 2611 1308 2666 So

272 2680 418 2732 dient
470 2696 544 2731 an
598 2679 732 2731 oster
792 2695 880 2732 zur
938 2679 1308 2747 Widerlegung

273 2748 417 2800 einer
441 2748 927 2815 ausgesproehenen
954 2748 1181 2801 fremden
1203 2750 1309 2801 An-

274 2815 427 2868 sicht.
502 2814 624 2882 Vgl.
660 2814 793 2868 Phil.
828 2815 885 2869 11.
926 2819 972 2882 1,
1009 2820 1066 2870 3:
1108 2817 1308 2869 Contra

272 2900 387 2935 rem
423 2900 579 2935 suam
615 2899 700 2934 mo
723 2887 928 2936 venisse
964 2890 1180 2951 questus
1215 2890 1308 2938 est.

272 2953 361 3003 An
401 2967 501 3017 ego
536 2967 647 3003 non
679 2956 915 3004 venirem
951 2958 1142 3004 contra
1178 2952 1310 3006 alio-

271 3036 402 3071 num
431 3035 538 3086 pro
574 3018 851 3081 familiari
886 3026 938 3071 et
972 3024 1307 3073 necessario?

277 3104 363 3141 wo
398 3104 512 3139 non
535 3095 683 3139 reete
721 3094 940 3155 questus
975 3094 1053 3139 est
1090 3105 1154 3141 zu
1186 3105 1309 3158 sup·

274 3156 474 3224 plieren
506 3156 593 3210 ist.

349 3226 398 3277 9.
446 3239 637 3275 nomen
672 3228 845 3291 ipsum
884 3226 1122 3290 carendi,
1158 3241 1199 3278 ε.
1230 3229 1309 3292 15,

281 3293 351 3344 34
387 3308 450 3344 zu
484 3294 777 3344 mercedem
808 3295 1040 3359 glor-iae.

344 3362 629 3419 subicitur,
677 3367 839 3414 etwa:
893 3360 1053 3413 damit
1087 3363 1307 3414 verbun-

274 3428 372 3480 den
414 3428 561 3493 vird,
596 3430 841 3482 wahl-end
880 3429 972 3483 das
1009 3429 1113 3482 Prf.
1143 3429 1206 3485 V.
1228 3434 1308 3497 10,

276 3498 343 3550 28
378 3519 447 3540 ===
481 3497 577 3547 ist:
615 3513 679 3549 zu
715 3497 921 3550 Grunde
957 3498 1144 3564 liegen.

348 3567 427 3619 12.
482 3565 641 3616 Valet
671 3589 740 3610 ==
772 3566 906 3617 Dim·
931 3571 1114 3633 potest
1147 3606 1158 3619 .
1197 3604 1211 3617 .
1244 3568 1307 3617 in

274 3636 441 3698 vivis,
477 3633 585 3699 vgl.
624 3634 656 3701 ξ
693 3637 785 3688 88:
824 3649 1009 3686 carere
1044 3639 1102 3685 in
1136 3638 1309 3686 morte

274 3717 384 3753 non
420 3702 645 3754 dicitur.

349 3772 429 3822 14.
468 3774 564 3836 qui
598 3770 740 3821 nulli
772 3775 915 3835 sunt,
950 3770 1052 3822 wie
1090 3772 1139 3833 6,
1179 3773 1262 3823 11.

350 3841 431 3892 15.
492 3837 640 3901 Quid
695 3842 811 3890 ita?
903 3838 1017 3890 Wie
1091 3841 1186 3890 so?
1240 3864 1307 3885 .-

1413 2270 1624 2324 Warum
1662 2271 1809 2323 dies?
1867 2271 1935 2323 Es
1968 2271 2039 2322 ist
2074 2271 2224 2324 dabei
2259 2274 2440 2325 immet

1414 2339 1504 2390 der
1538 2340 1958 2405 vorhergehende
1996 2338 2115 2391 Satz
2161 2356 2225 2392 zu
2261 2343 2439 2406 ergan-

1411 2422 1526 2471 zen,
1561 2408 1673 2459 also
1710 2408 1846 2468 hicn
1881 2423 2034 2458 nemo
2070 2408 2132 2458 id
2165 2408 2386 2463 dixerit.

1487 2446 1565 2528 16.
1601 2491 1722 2538 um,
1746 2474 2112 2539 Gewohnung.

1487 2546 1565 2596 17.
1625 2559 1829 2596 careas.
1894 2541 1949 2594 In
1999 2542 2089 2593 der
2133 2541 2438 2610 Bedeutung

1407 2602 1747 2675 ‘entbehrenss
1785 2611 1982 2663 welche
2011 2626 2197 2661 carere
2231 2627 2293 2663 an
2331 2612 2437 2664 die-

1410 2694 1495 2731 ser
1540 2694 1737 2745 ganzen
1784 2678 1946 2731 Stelle
1992 2679 2108 2740 hat,
2157 2679 2283 2731 wird
2333 2681 2438 2731 viel

1411 2747 1645 2814 haufiger
1679 2764 1835 2814 egere
1869 2748 2166 2814 gebraucht.

1473 2818 1826 2883 premendum
1858 2816 2145 2882 verfolgen,
2179 2816 2249 2869 im
2290 2817 2438 2883 Auge

1410 2884 1671 2948 behalten,
1710 2884 1760 2937 d.
1784 2886 1820 2939 i.
1857 2883 2100 2938 betonen.

1483 2956 1565 3007 19.
1601 2956 1734 3019 quin
1759 2958 1860 3005 cet.
1888 2953 1969 3004 fur
1993 2953 2089 3004 den
2117 2952 2237 3004 Acc.
2264 2950 2438 3016 c.1nf.‚

1410 3022 1646 3073 welchen
1683 3020 2002 3084 confirmato
2038 3021 2134 3072 illo
2171 3019 2439 3086 erfordert,

1412 3090 1480 3141 im
1507 3089 1786 3141 Auschluts
1821 3104 1885 3141 an
1913 3089 2009 3141 den
2036 3088 2436 3141 Zwischensatz.

1482 3159 1565 3212 20.
1622 3160 1884 3224 suspicio,
1938 3156 2182 3209 Gedanke
2234 3172 2298 3208 an
2352 3184 2436 3222 —‚

1413 3224 1550 3293 Spur
1581 3241 1682 3277 von
1720 3254 1802 3277 --.

1482 3295 1566 3347 21.
1580 3295 1819 3345 stabilito
1839 3299 1892 3344 et
1905 3293 2040 3358 fimo,
2058 3295 2119 3344 ἓν
2139 3288 2233 3343 διὰ
2252 3289 2436 3345 ὃνοτνε

1412 3361 1490 3413 als
1515 3361 1908 3414 unumstosslich
1936 3362 2214 3413 erwiesen:
2250 3362 2357 3426 vgl.
2377 3359 2437 3416 V.

1416 3433 1498 3495 14,
1521 3433 1613 3483 40:
1648 3431 1836 3481 stabili
1870 3434 1921 3479 et
1953 3428 2085 3492 fimo.

1478 3498 1622 3550 illud
1663 3498 2041 3549 excutiendum
2085 3501 2164 3547 est
2202 3501 2266 3547 ut
2301 3499 2436 3547 scia-

1410 3572 1519 3629 tur,
1556 3567 1692 3632 quid
1722 3570 1799 3617 sit
1831 3582 2018 3616 carere
2050 3558 2205 3618 ‘murs
2231 3564 2314 3617 die
2338 3563 2435 3616 Be-

1409 3605 1637 3699 deu'tung
1684 3634 1775 3686 des
1821 3632 2027 3685 Wortes
2073 3634 2433 3686 entbehren

1409 3701 1680 3785 grundlich
1727 3706 1814 3768 (ut
1851 3705 2080 3769 sciatur)
2131 3700 2433 3754 untersucht

1408 3761 1651 3822 werden.
1707 3770 1852 3835 Quid
1871 3774 1943 3821 sit
1967 3785 2150 3822 carere
2187 3769 2343 3833 hangt
2367 3768 2431 3817 ab

1412 3853 1512 3889 von
1550 3842 1728 3890 excat.
1765 3843 1857 3890 est.
