2834 4317
889 163 1082 216 ussa
1114 164 1152 219 1.
1188 169 1276 232 44,
1316 169 1433 220 107.
1468 170 1555 233 45,
1596 171 1710 225 108.
2297 174 2377 232 99
2470 211 2525 224 ν

2464 257 2560 304 w

391 333 535 415 'Ipse
564 340 805 398 summis
833 339 997 399 samis
1023 338 1189 418 fimus
1216 341 1453 419 asperia,
1485 341 1843 414 evisceratus,

391 417 595 483 Latere
619 422 890 502 pendens,
918 420 1070 484 sdoea
1099 441 1374 504 sparqens
1402 424 1552 496 tabo,
1583 430 1744 488 sanie
1773 436 1828 488 et
1852 431 2134 509 sanquine
2162 439 2310 493 atro.

209 504 351 569 Non
386 506 512 587 ipsa
542 525 679 568 saxa
709 508 895 588 magis
924 527 1106 570 sensu
1151 508 1318 570 omni
1362 508 1655 571 vacabunt
1684 530 1858 591 quam
1889 513 1985 575 ille
2018 513 2193 577 latere
2227 535 2376 597 pen-

208 591 371 664 dens,
418 592 514 653 cui
545 612 609 654 se
636 592 736 654 hic
780 593 1128 655 cruciatum
1153 601 1359 655 censet
1388 605 1614 674 optare.
1675 596 1838 668 Quae
1870 607 2070 661 essent
2098 599 2280 676 dura,
2326 603 2375 663 si

128 688 159 736 5
206 678 484 751 sentiret,
517 676 677 739 nulla
708 687 852 740 sunt
881 679 1010 741 sine
1041 698 1240 740 sensu.
1316 678 1465 740 [llud
1497 699 1637 742 vero
1667 700 1953 762 perquam
1993 684 2202 747 inane:

388 762 451 823 N
450 763 589 845 &que
613 762 936 844 sepulcrum
968 768 1076 845 qud
1106 768 1345 844 recipiat
1372 763 1595 840 habeat,
1618 778 1857 846 portum
1887 771 2160 850 carparis,

388 847 406 883 '
416 846 529 910 Ubi
553 852 794 910 remissa
818 847 1076 911 humana
1104 854 1225 913 vita
1254 852 1463 931 carpus
1487 855 1798 931 requiescat
1825 853 2010 917 malis.

205 933 391 996 Vides
434 943 662 1014 quanto
705 935 852 997 haec
895 935 958 996 iu
1006 954 1211 997 errore
1254 944 1596 999 versentur:
1642 946 1884 1016 portum
1928 957 2058 1001 esse
2103 940 2373 1020 corporis
2503 955 2510 992 ι
2664 983 2705 1000 ..

208 1027 270 1080 et
281 1020 663 1099 requiescere
679 1020 743 1081 in
756 1021 1034 1101 sepulcro
1049 1029 1219 1102 putat
1229 1029 1555 1096 mortuum,
1579 1040 1793 1102 magna
1807 1024 1982 1104 culpa
1998 1024 2252 1105 Pelopis,
2270 1025 2372 1104 qui
2596 1013 2625 1022 ’”

101 1112 160 1162 10
209 1124 336 1167 non
355 1105 642 1168 erudierit
653 1105 840 1167 filium
855 1125 969 1168 nec
984 1106 1256 1168 docuerit
1266 1114 1563 1185 quatenus
1577 1116 1733 1169 esset
1742 1109 2004 1188 quidque
2019 1112 2369 1172 curandum.
2614 1107 2651 1146 ὐ

386 1190 502 1252 Sed
529 1191 671 1271 quid
695 1192 1069 1272 singulorum
1090 1193 1408 1273 opiniones
1430 1193 1905 1270 animadvertam,
1939 1196 2249 1256 nationum
2272 1214 2369 1257 va-
2387 1190 2464 1248 45
2608 1202 2660 1238 ν’

210 1276 336 1338 rios
367 1294 605 1339 errores
627 1276 969 1357 perspicere
993 1296 1130 1339 cum
1153 1275 1369 1339 liceat?
1400 1277 1703 1339 Gondiunt
1725 1279 1994 1360 Aegyptii
2018 1289 2288 1342 mortuos
2314 1289 2371 1342 et
2385 1281 2473 1332 108

17 1351 20 1448 ᾗ
210 1380 315 1424 eos
338 1369 580 1424 servant
601 1362 793 1446 domi3
817 1361 1032 1424 Persae
1048 1362 1222 1424 etiam
1245 1380 1380 1424 cera
1404 1363 1769 1425 circumlitos
1791 1364 2079 1440 condunt,
2104 1372 2171 1425 ut
2191 1383 2370 1444 quam
2476 1391 2517 1430 ν

17 1467 18 1478 ’
210 1447 468 1509 maxime
512 1455 904 1527 permaneant
947 1447 1228 1509 diuturna
1272 1465 1546 1528 corpora.
1611 1448 1922 1528 Magorum
1965 1468 2097 1511 mos
2125 1458 2216 1512 est
2244 1469 2366 1512 non

108 1538 165 1587 15
208 1532 461 1594 humare
493 1551 749 1613 corpora
778 1551 1056 1612 suorum,
1105 1533 1220 1596 nisi
1248 1552 1282 1594 a
1313 1533 1455 1595 feris
1483 1533 1606 1594 sint
1634 1543 1773 1595 ante
1800 1534 2036 1598 laniata.
2109 1534 2179 1596 In
2210 1535 2366 1617 Hyr-

213 1619 383 1680 cania
415 1617 585 1698 plebs
612 1618 888 1699 publicos
927 1619 1033 1680 alit
1072 1636 1285 1699 caneS,
1330 1626 1667 1698 optumates
1710 1618 2084 1682 domesticos.
2158 1620 2368 1682 Nobile

216 1712 416 1766 autem
446 1722 640 1783 genus
672 1721 889 1765 canum
918 1703 1061 1765 illud
1093 1704 1313 1766 scimus
1344 1722 1505 1778 esse,
1550 1705 1653 1765 sed
1697 1723 1808 1784 pro
1855 1724 1961 1767 sua
2045 1706 2257 1785 uisque
2285 1707 2369 1767 fa·
2563 1707 2620 1804 ‘f

214 1789 435 1850 cultate
464 1798 633 1869 parat
664 1807 696 1849 a
727 1788 946 1869 quibus
973 1789 1262 1865 lanietur,
1309 1807 1557 1868 eamque
1588 1798 1894 1869 optumam
1938 1724 2043 1852 ils}³
2066 1809 2195 1853 esse
2224 1810 2371 1853 cen·
2584 1816 2598 1845 ι

17 1939 18 1942 ,
217 1883 352 1936 sent
398 1875 782 1954 sepulturam.
843 1873 1144 1937 Permulta
1189 1874 1301 1936 alia
1345 1873 1593 1953 conligit
1623 1875 2017 1956 Chrysippus,
2062 1886 2130 1938 ut
2173 1884 2263 1938 est
2303 1877 2367 1938 in

109 1964 168 2014 20
216 1961 381 2022 omni
412 1960 659 2022 historia
693 1960 986 2034 curiosuS‚
1016 1959 1121 2021 sed
1151 1960 1230 2021 ita
1261 1968 1448 2021 taetra
1479 1967 1622 2021 sunt
1650 1962 1958 2039 quaedam,
1990 1969 2057 2023 ut
2086 1979 2153 2022 ea
2182 1961 2369 2041 fugiat

217 2076 375 2128 hatte.
455 2074 549 2128 Die
594 2074 873 2142 folgenden
923 2074 1079 2127 Verse
1127 2075 1240 2127 sind
1345 2091 1408 2127 zu
1433 2074 1622 2138 Hense,
1645 2076 1867 2129 sondern
1890 2077 1943 2130 in
1964 2076 2366 2145 Felsengrfibern

216 2143 541 2196 trochfiische
577 2143 767 2199 akatal.
803 2142 1137 2198 Tetrameter.
1345 2143 1636 2197 aursei-halb
1673 2144 1764 2197 der
1799 2145 1980 2198 Stfidte
2015 2145 2122 2199 auf.

17 2239 18 2282 i
284 2214 333 2265 6.
366 2214 615 2278 recipiat,
656 2210 737 2264 fur
752 2228 809 2262 se
825 2214 1074 2279 recipiat,
1109 2213 1242 2264 soin
1417 2214 1499 2264 14.
1551 2228 1662 2264 mm
1699 2214 1923 2265 humare
1957 2229 2205 2280 corpora.
2273 2213 2366 2267 Die

19 2295 20 2300 ¹
215 2278 306 2332 der
331 2280 526 2333 alteren
554 2279 755 2344 Poesie,
774 2279 896 2331 aber
919 2280 989 2331 im
1018 2279 1239 2333 Gerund.
1342 2278 1564 2332 Leichen
1612 2280 1825 2332 wurden
1873 2298 1974 2334 von
2020 2282 2118 2333 den
2154 2280 2365 2335 Medern

216 2348 347 2400 auch
370 2349 455 2401 bei
482 2347 625 2400 Caes.
651 2349 704 2400 b.
731 2347 789 2400 G.
815 2346 850 2400 1.
869 2350 996 2413 48‚7
1011 2365 1026 2401 ε
1061 2351 1111 2398 εἰ
1134 2365 1238 2414 quo
1341 2347 1475 2399 nach
1519 2347 1816 2401 Zoroasters
1859 2347 2146 2402 vorschrift
2194 2350 2365 2402 weder

218 2423 337 2468 erat
360 2417 577 2482 longius
597 2417 973 2483 prodeundum
996 2420 1096 2467 aut
1112 2418 1241 2468 cele-
1342 2414 1579 2481 beerdigt
1598 2416 1730 2467 noch
1745 2416 2204 2482 verbrannt,·damit
2222 2418 2364 2470 nicht

211 2489 330 2537 rius
363 2486 750 2551 recipiendum.
1340 2482 1426 2535 die
1461 2482 1592 2535 Erde
1638 2483 1742 2535 und
1789 2483 1881 2536 das
1915 2483 2079 2536 Feuer
2113 2485 2365 2537 entweiht

277 2555 325 2606 8.
370 2558 574 2620 quanto
627 2554 759 2604 haec
801 2554 864 2603 in
900 2568 1087 2604 errore
1118 2568 1236 2603 ver-
1339 2550 1535 2615 wurde,
1564 2551 1784 2603 sondern
1810 2552 1903 2604 auf
1921 2551 2087 2604 einem
2112 2553 2360 2605 erhohten

206 2626 409 2674 nentur.
480 2620 594 2673 Von
640 2620 730 2673 der
775 2619 969 2673 Person
1013 2620 1106 2673 auf
1148 2620 1232 2673 die
1336 2617 1534 2671 Gestell
1551 2618 1651 2672 den
1669 2618 1884 2672 Hundeu
1903 2620 2008 2673 und
2022 2619 2223 2686 Vogeln
2240 2637 2359 2675 zum

209 2688 374 2742 Sache
409 2690 741 2755 fiberttagem
780 2689 881 2741 wie
915 2688 979 2740 de
1015 2688 1154 2740 deor.
1180 2705 1230 2741 n.
1334 2685 1512 2739 Fratse
1545 2692 1857 2754 ausgesetzt.

206 2756 283 2810 ΙΙΙ.
325 2761 406 2822 10,
442 2760 536 2811 25²
572 2759 705 2809 '²11⁶ss
738 2761 919 2808 Omnia
954 2761 1015 2809 2⁵⁷⁸
1049 2758 1230 2809 0⁰d⁰m
1405 2774 1487 2824 16.
1504 2772 1751 2838 publicae
1773 2801 1840 2810 —
1866 2772 2204 2826 domesticos:
2242 2790 2359 2827 zum

207 2855 272 2865 —
308 2843 494 2878 errore
516 2830 818 2880 versantur.

273 2896 323 2947 9.
355 2910 558 2960 magna
593 2894 753 2962 eulpa
788 2896 858 2946 ist
879 2892 1094 2960 Appos,
1128 2893 1229 2946 wie

207 2964 288 3027 23,
325 2964 417 3015 65:
452 2979 564 3014 non
597 2966 744 3014 iusta
781 2978 969 3022 eamag
1015 2964 1100 3028 25,
1136 2964 1227 3015 86:

202 3034 441 3098 ineptum
473 3034 765 3097 negotium.

276 3103 354 3156 11.
375 3099 485 3152 Sed
499 3100 632 3165 quid
666 3106 785 3166 cet„
819 3113 862 3150 s.
886 3113 931 3150 z.
955 3098 993 3150 1.
1013 3099 1228 3162 42,100.

275 3171 354 3221 12.
407 3171 462 3218 et
492 3185 583 3220 eos
614 3174 838 3219 servant
886 3166 1046 3220 domi.
1134 3165 1226 3218 Die

207 3234 688 3289 Wiederaufnahme
745 3236 839 3288 des
892 3233 1228 3286 unmittelbar

202 3303 657 3370 vorhergehenden
683 3303 932 3369 Objektes
957 3302 1116 3355 durch
1141 3303 1224 3354 ein

201 3370 352 3426 Pron.
400 3372 485 3424 bei
531 3373 698 3425 einem
743 3373 960 3424 zweiten
996 3369 1222 3423 Verbum

203 3440 314 3493 dari
335 3440 481 3494 nicht
505 3440 781 3503 auffallen3
804 3440 910 3506 vgl.
930 3456 979 3506 p.
999 3438 1129 3492 Mur.
1141 3440 1225 3504 25,

203 3510 290 3562 51:
331 3510 523 3576 Itaque
555 3538 623 3548 —
662 3508 950 3562 Catilinam
986 3510 1226 3559 excitavi

203 3583 359 3643 atque
393 3593 512 3628 eum
551 3578 613 3628 de
661 3579 743 3628 hie
777 3579 938 3629 rebus
972 3579 1107 3627 iussi
1144 3577 1223 3626 di-

202 3660 330 3698 cere.
366 3644 488 3698 Hier
508 3645 599 3699 hat
622 3646 698 3698 sie
723 3644 959 3698 fiberdies
984 3643 1082 3696 den
1107 3643 1223 3696 rhe-

203 3713 459 3767 torischen
500 3713 715 3771 Zweek.
770 3715 919 3766 einen
956 3712 1225 3764 Chiasmus

203 3782 641 3848 berbeizufjihren.
699 3771 954 3849 fibrigens
990 3780 1224 3832 bewahr—

203 3856 285 3903 ten
323 3851 409 3903 die
443 3849 697 3919 Agyptier
729 3852 839 3904 ihre
874 3848 1044 3904 Toten
1079 3848 1223 3901 nicht

1333 2839 1677 2906 allgemeinen
1692 2856 1888 2893 —zum
1908 2840 2358 2909 Privatgebrauch.

1403 2929 1484 2980 17.
1495 2927 1591 2977 ced
1606 2942 1709 2993 pro
1732 2942 1833 2977 ma
1851 2929 2075 2994 quisque
2093 2926 2360 2989 facultate

1332 2999 1449 3059 cet„
1485 2995 1535 3047 d.
1554 2996 1605 3047 h.
1630 2993 1871 3061 obgleich
1904 2993 2047 3047 diese
2071 2994 2250 3048 Hunde
2283 2997 2358 3048 im

1330 3061 1508 3115 Preise
1543 3063 1678 3115 hoeh
1714 3062 1914 3127 stehen,
1950 3078 2009 3115 so
2035 3062 2221 3117 sehafft
2244 3065 2356 3116 sich

1329 3130 1463 3182 doch
1501 3146 1625 3197 geru
1653 3131 1804 3195 jeder
1828 3131 2004 3183 solcbe
2028 3147 2109 3196 an,
2145 3148 2205 3185 so
2230 3133 2356 3184 weit

1329 3214 1385 3251 es
1420 3199 1528 3251 ihm
1565 3200 1676 3251 sein
1716 3198 2001 3266 Vermogen
2037 3206 2302 3266 gestattet.

1404 3287 1484 3336 19.
1523 3283 1851 3352 Chrysippus
1884 3299 1978 3337 aus
2012 3282 2121 3335 Soli
2156 3285 2208 3335 in
2235 3284 2353 3335 Cili-

1329 3352 1462 3418 cien,
1497 3350 1712 3404 Schuler
1746 3352 1839 3404 des
1863 3352 2001 3406 Zeno
2037 3352 2142 3403 und
2166 3350 2352 3403 Klean-

1326 3420 1462 3484 thes,
1473 3420 1576 3472 und
1593 3419 1903 3485 Nachfolger
1923 3420 2015 3473 des
2031 3419 2278 3472 letzteren
2297 3421 2350 3472 in

1326 3487 1416 3540 der
1453 3488 1668 3555 Leitung
1704 3487 1793 3540 der
1830 3486 1983 3547 Stoa,
2030 3486 2120 3540 der
2153 3489 2351 3554 cigent-

1323 3556 1462 3608 liche
1497 3555 1775 3608 Vollender
1822 3555 1913 3608 des
1954 3555 2215 3608 stoischen
2252 3556 2349 3625 Sy-

1328 3630 1516 3690 stems‚
1569 3629 1699 3691 gest.
1737 3626 1852 3677 209.

1396 3712 1480 3762 20.
1506 3711 1734 3760 histor-la
1750 3733 1818 3754 -=
1834 3709 2146 3775 indagatam
2172 3712 2347 3759 curio·

1324 3793 1417 3828 sus
1453 3776 1561 3829 hier
1598 3779 1667 3828 im
1692 3776 1967 3828 tadelnden
1993 3775 2150 3828 Sinne
2174 3799 2240 3819 .-
2264 3776 2355 3833 fiir,

1324 3844 1704 3910 Kleinigkeiten
1739 3844 2071 3898 interessiert.

1862 3928 1934 3980 Ἰ*
