2834 4317
1226 900 1456 962 LIBER
1499 899 1877 974 QUARTUS.

880 1050 964 1104 DE
998 1050 1292 1113 RELIQUIS
1327 1051 1514 1104 ANIMI
1551 1048 2231 1103 PERTURBATIONIBUS.

412 1273 448 1326 1
656 1290 800 1352 Cum
831 1291 1031 1354 multis
1058 1292 1205 1354 locis
1235 1300 1578 1354 nostrorum
1620 1289 1930 1351 homiuum
1976 1290 2209 1370 ingenia
2250 1289 2634 1370 virtutesque,

411 1352 696 1451 1Brute,
727 1375 888 1437 soleo
919 1376 1150 1451 mirari,
1181 1385 1305 1438 tum
1338 1377 1593 1438 maxime
1622 1376 1682 1436 in
1715 1376 1788 1436 iis
1817 1374 2052 1449 studiis,
2083 1392 2235 1453 quae
2264 1394 2397 1436 sero
2428 1376 2636 1436 admo-

482 1461 624 1522 dum
668 1463 922 1542 expetita
966 1462 1028 1522 in
1073 1462 1231 1522 hanc
1274 1462 1563 1523 civitatem
1609 1479 1641 1521 e
1672 1460 1917 1522 Graecia
1963 1460 2413 1522 transtulerunt.
2485 1460 2636 1522 Nam

482 1565 620 1607 cum
649 1565 682 1607 a
715 1546 905 1625 primo
949 1545 1115 1608 urbis
1157 1555 1292 1608 ortu
1335 1546 1514 1626 regiis
1557 1546 1873 1617 institutiS,
1919 1545 2131 1625 partim
2175 1545 2351 1607 etiam
2380 1545 2632 1626 legibuS,

482 1632 771 1711 auspicia,
804 1631 1212 1705 caerimoniae,
1244 1632 1499 1705 comitia,
1532 1631 2001 1711 provocationes,
2032 1639 2265 1709 patrum
2297 1631 2632 1704 consilium,
2679 1645 2708 1695 5

484 1716 746 1795 equitum
779 1716 1160 1795 peditumque
1198 1716 1536 1797 discriptio,
1583 1724 1703 1777 tota
1738 1735 1833 1777 res
1864 1715 2128 1776 militaris
2170 1715 2447 1777 divinitus
2478 1727 2634 1777 esset

482 1801 832 1877 constituta,
875 1810 1002 1860 tum
1031 1801 1367 1881 progressio
1399 1800 1758 1861 admirabilis
1787 1799 2266 1879 incredibilisque
2312 1819 2519 1862 cursus
2559 1801 2634 1861 ad

484 1902 720 1945 omnem
754 1885 1162 1946 excellentiam
1208 1886 1397 1947 factus
1428 1895 1520 1947 est
1548 1885 1849 1947 dominatu
1897 1884 2059 1965 regio
2099 1903 2164 1945 re
2207 1884 2443 1964 publica
2483 1885 2633 1948 libe-

480 1976 623 2030 rata.
682 1969 804 2031 Nec
832 1988 971 2031 vero
1003 1970 1099 2030 hic
1138 1970 1306 2032 locus
1350 1980 1443 2032 est
1483 1981 1551 2032 ut
1589 1972 1662 2032 de
1708 1969 1976 2032 moribus
2018 1969 2419 2049 institutisque
2447 1971 2633 2033 maio-

479 2072 616 2116 rum
647 2062 707 2115 et
734 2054 1044 2134 disciplina
1075 2074 1142 2115 ac
1186 2056 1615 2135 temperatione
1654 2056 1899 2117 civitatis
1937 2055 2279 2133 loquamur;
2330 2056 2457 2117 aliis
2486 2057 2635 2118 haec
2684 2070 2742 2122 10

480 2139 625 2201 locis
667 2140 806 2201 satis
845 2149 1116 2201 accurate
1173 2159 1204 2200 a
1251 2141 1423 2202 nobis
1478 2142 1631 2202 dicta
1686 2150 1828 2203 sunt
1882 2141 2251 2219 maximeque
2293 2141 2353 2202 in
2412 2141 2483 2203 iis
2527 2161 2635 2203 sex

405 2237 435 2287 2
479 2224 678 2297 libris,
723 2244 875 2304 quos
903 2227 968 2287 de
1006 2244 1070 2287 re
1112 2225 1340 2307 publica
1369 2225 1733 2306 scripsimus.
1795 2226 1925 2287 Hoc
1953 2235 2148 2286 autem
2180 2226 2311 2287 loco
2356 2227 2634 2288 conside-

479 2309 636 2370 ranti
665 2310 806 2371 mihi
837 2310 1030 2372 studia
1066 2311 1370 2373 doctrinae
1408 2312 1588 2372 multa
1627 2330 1770 2373 sane
1809 2321 2137 2373 occurrunt
2161 2329 2272 2372 cur
2293 2329 2361 2372 ea
2391 2330 2632 2391 quoque

479 2396 751 2457 arcessita
781 2396 1020 2458 aliunde
1051 2414 1246 2475 neque
1275 2396 1467 2458 solum
1514 2396 1800 2477 expetita,
1843 2397 1944 2458 sed
1978 2395 2153 2456 etiam
2199 2407 2540 2457 conservata
2573 2406 2630 2459 et

481 2480 637 2541 culta
679 2480 1006 2543 videantur.
1079 2481 1222 2543 Erat
1252 2482 1411 2543 enim
1456 2481 1570 2544 illis
1612 2500 1802 2562 paene
1840 2481 1899 2542 in
1950 2491 2278 2561 conspectu
2306 2483 2632 2561 praestanti
2683 2495 2740 2545 15

566 2650 608 2700 1.
654 2649 841 2700 multis
892 2648 1025 2700 locis
1058 2640 1136 2700 ‘in
1189 2650 1357 2703 vielen
1404 2648 1503 2702 Be·
1677 2651 1756 2701 12.
1783 2649 1846 2699 de
1869 2648 2167 2715 republica
2200 2651 2530 2714 scripsimus,
2564 2653 2633 2702 54

480 2709 809 2782 ziehungen'.
860 2715 1088 2782 Vgl.111.
1125 2721 1280 2780 5,10.
1604 2732 1655 2769 v,
1676 2717 1791 2769 Chr.
1845 2716 1956 2769 Von
1976 2716 2169 2769 diesem
2190 2715 2379 2768 Werke
2400 2717 2630 2770 besitzen

547 2787 596 2836 4.
634 2800 753 2835 cum
779 2813 842 2821 —
870 2789 1006 2835 tum:
1054 2801 1201 2838 wenu
1238 2786 1399 2838 echon
1435 2813 1505 2825 —
1605 2785 1702 2836 wir
1736 2800 1832 2837 nur
1866 2785 1950 2835 die
1994 2790 2163 2836 ersten
2208 2784 2394 2836 beiden
2427 2784 2632 2837 Bucher

479 2865 568 2910 so;
605 2850 709 2916 vgl.
748 2850 807 2904 V.
845 2853 928 2917 39,
956 2853 1071 2906 113.
1606 2868 1720 2904 zum
1742 2854 2007 2918 grossereu
2025 2850 2156 2917 Teil,
2172 2868 2273 2903 von
2295 2852 2394 2905 den
2412 2855 2628 2920 iibrigeu

549 2919 597 2969 5.
626 2924 1067 2985 provocationes,
1111 2934 1181 2970 sc.
1231 2919 1305 2969 ad
1335 2935 1505 2985 popu·
1606 2921 1839 2973 einzelne
1874 2919 2240 2972 Bruchstucke.

480 2986 605 3038 lum.
675 2984 794 3037 Dass
829 2987 1153 3052 dergleichen
1192 2987 1319 3038 auch
1359 2993 1506 3039 unter
1678 2992 1757 3042 13.
1783 2993 2092 3052 occurrunt,
2117 3004 2230 3053 cur,
2255 2987 2358 3053 vgl.
2383 2988 2415 3039 1.
2438 2989 2521 3052 21,
2544 2990 2627 3041 49.

480 3052 575 3103 den
593 3052 824 3118 Konigen
838 3055 997 3106 sehon
1017 3053 1350 3117 stattfanden‚
1371 3054 1505 3106 lehrt
1662 3073 1725 3107 ea
1737 3072 1945 3123 quoque
1956 3060 2216 3108 arcessita
2230 3056 2463 3107 aliunde.
2507 3055 2627 3107 Dass

479 3120 656 3172 Cicero
694 3121 756 3174 de
791 3137 897 3190 rep.
933 3122 989 3174 11.
1027 3125 1111 3185 31,
1135 3125 1216 3175 54.
1604 3125 1732 3176 auch
1779 3124 2049 3177 staatliche
2090 3123 2489 3190 Eiurichtuugen
2534 3138 2627 3176 aus

547 3190 595 3241 6.
632 3193 872 3255 equitum
896 3191 1243 3257 peditumque
1278 3191 1502 3254 discrip-
1603 3193 1694 3244 der
1718 3190 1930 3244 Fremde
1965 3192 2196 3245 entlelmt
2224 3191 2432 3244 worden
2469 3192 2627 3255 seien,

478 3260 572 3322 tio,
608 3257 767 3310 durch
805 3257 1014 3310 Servius
1038 3257 1256 3312 TulliuS.
1325 3258 1396 3310 Zu
1423 3260 1502 3310 di·
1603 3260 1705 3311 ist
1689 3275 1760 3311 im
1775 3259 2238 3326 Vorhergehenden
2263 3260 2404 3311 nicht
2421 3265 2627 3326 μεθεὶς

473 3330 697 3391 scriptio
723 3327 826 3394 vgl.
854 3332 1008 3379 unten
1036 3329 1083 3390 2,
1109 3329 1164 3379 3:
1200 3327 1499 3392 discriptos.
1603 3327 1708 3394 vgl.
1736 3327 1930 3393 jedoch
1965 3332 2014 3391 2,
2037 3332 2071 3381 4
2106 3345 2152 3381 a.
2187 3328 2244 3380 E.

552 3396 813 3447 divinitus
864 3394 968 3446 und
1017 3396 1196 3446 divine
1239 3419 1307 3438 =
1345 3411 1502 3460 prae·
1663 3399 1742 3449 15.
1761 3396 1874 3447 illu
1887 3413 2057 3463 paene
2075 3399 2134 3448 in
2153 3400 2453 3458 conspectu.
2488 3381 2628 3447 Abn-
2697 3438 2706 3446 ,

477 3462 635 3527 clare,
673 3464 814 3516 nicht
848 3463 1012 3515 selten
1047 3463 1131 3514 bei
1168 3463 1360 3514 Cicero.
1599 3463 1705 3515 lich
1754 3464 1861 3516 Cat.
1906 3463 1973 3518 M.
2011 3467 2095 3531 21,
2121 3466 2214 3517 78.
2258 3465 2629 3530 Pythagoram

545 3533 591 3583 9.
629 3533 776 3582 locus
812 3534 904 3595 est,
937 3536 1004 3582 ut
1039 3530 1135 3582 wie
1172 3545 1222 3595 p.
1248 3530 1399 3582 Rosc.
1436 3530 1495 3582 Α.
1597 3532 2088 3599 Pythagor-eosque,
2112 3532 2320 3584 incolas
2333 3546 2511 3598 paena
2533 3547 2629 3582 no·

479 3599 559 3660 12,
586 3599 679 3650 33·
725 3600 789 3650 de
823 3601 977 3650 cuim
1017 3599 1175 3649 laude
1206 3614 1377 3664 neque
1411 3600 1500 3649 hic
1596 3604 1754 3651 stro-⁹.

474 3664 624 3715 locus
655 3671 748 3730 est,
782 3671 845 3717 ut
876 3667 1046 3718 multa
1083 3667 1374 3732 dicantur,
1403 3682 1500 3717 ne-
1658 3669 2351 3733 praestanti—nobilitate.
2397 3665 2490 3719 Die
2504 3666 2630 3719 Ver·

475 3738 963 3866 qulocffisciplina‘
945 3793 1411 3868 ‘dieVerfassungss
1432 3816 1497 3854 zu
1599 3734 2308 3884 ffgguongrgfflesiablebfflss
2328 3734 2627 3855 'gtizlteerlmtllls¹

476 3872 858 3935 temperatione
891 3869 995 3936 vgl.
1032 3870 1069 3923 1.
1097 3874 1177 3938 10,
1203 3873 1285 3927 21.
1600 3871 1683 3923 die
1718 3871 1861 3923 eines
1894 3869 2186 3936 Adjektivs.
