2834 4317
430 194 510 255 58
1238 196 1428 249 LIBER
1461 196 1545 250 lV.
1583 199 1633 260 3,
1650 199 1700 251 6.
1721 202 1767 250 7.

427 369 843 450 amplissimam
874 368 1140 430 omnium
1172 370 1407 443 artium,
1440 368 1594 430 bene
1621 369 1853 431 vivendi
1882 369 2276 450 disciplinam,
2306 369 2419 430 vita
2450 387 2575 429 ma-

353 467 385 516 6
427 456 516 534 gis
546 473 723 535 quam
754 454 963 516 litteris
990 455 1289 534 persecuti
1318 465 1478 517 sunt.
1536 453 1741 533 ltaque
1770 454 1925 516 illius
1956 473 2127 516 verae
2170 454 2574 533 elegantisque

428 540 865 620 philosophiae,
907 557 1056 618 quae
1098 540 1273 601 ducta
1315 559 1348 601 a
1379 540 1623 601 Socrate
1666 540 1728 600 in
1763 539 2167 619 Peripateticis
2205 541 2394 601 adhuc
2435 558 2572 619 per-

427 625 642 687 mansit
685 633 744 687 et
785 626 939 686 idem
993 624 1108 685 alio
1161 626 1337 686 modo
1392 623 1727 686 dicentibus
1768 625 2011 697 Stoicis,
2064 643 2197 686 cum
2241 624 2574 686 Academici

426 728 633 772 eorum
665 710 1096 771 controversias
1124 709 1554 790 disceptarent,
1598 710 1759 771 nulla
1788 710 1913 771 fere
1943 720 2086 772 sunt
2124 718 2226 770 aut
2254 728 2440 790 pauca
2468 709 2571 770 ad·
2606 721 2638 768 5

425 797 670 856 modum
711 794 920 855 Latina
961 806 1349 863 monumenta
1399 794 1520 856 sive
1563 806 1812 876 propter
1860 795 2331 875 magnitudinem
2374 813 2573 855 rerum

427 880 1000 961 occupationemque
1029 880 1373 955 hominum,
1416 880 1539 942 sive
1583 881 1755 941 etiam
1799 880 1959 959 quod
1999 880 2285 961 imperitis
2326 896 2392 940 ea
2430 896 2572 959 pro-

425 965 556 1026 bari
575 984 750 1046 posse
770 983 894 1026 non
917 963 1376 1040 arbitrabantur,
1411 983 1550 1027 cum
1573 966 1811 1026 interim
1835 965 1948 1027 illis
1978 965 2289 1027 silentibus
2312 964 2375 1025 C.
2400 968 2575 1025 Ama·

425 1050 606 1112 finius
636 1050 856 1112 exstitit
884 1050 1118 1123 dicens,
1158 1051 1329 1112 cuius
1361 1049 1527 1112 libris
1556 1050 1726 1112 editis
1758 1059 2049 1113 commota
2081 1050 2395 1112 multitudo
2426 1067 2573 1110 con-

423 1135 560 1196 tulit
589 1154 654 1197 se
682 1135 754 1197 ad
785 1154 913 1196 eam
944 1135 1314 1215 potissimum
1357 1135 1758 1215 disciplinam,
1800 1137 1921 1197 sive
1962 1136 2120 1215 quod
2165 1145 2288 1197 erat
2331 1135 2575 1214 cognitu

425 1221 749 1300 perfacilis,
813 1220 934 1281 sive
977 1222 1136 1299 quod
1175 1221 1577 1282 invitabantur
1616 1221 1931 1282 inlecebris
1969 1219 2199 1282 blandis
2241 1220 2574 1299 voluptatis,

424 1306 544 1367 sive
575 1307 779 1378 etiam,
820 1305 954 1384 quia
988 1306 1136 1366 nihil
1163 1316 1293 1367 erat
1319 1306 1615 1386 prolatum
1644 1307 1883 1379 melius,
1925 1305 2085 1380 illud,
2118 1304 2279 1385 quod
2309 1315 2450 1379 erat,
2483 1314 2575 1365 te-

426 1391 668 1452 nebant.
740 1392 885 1452 Post
923 1391 1279 1452 Amafinium
1319 1401 1514 1453 autem
1559 1391 1727 1453 multi
1768 1390 2030 1452 eiusdem
2073 1391 2285 1451 aemuli
2326 1390 2578 1452 rationis

423 1477 607 1537 multa
652 1494 787 1538 cum
832 1476 1224 1556 scripsissent,
1283 1477 1507 1538 ltaliam
1549 1485 1730 1538 totam
1775 1484 2249 1555 occupaverunt,
2288 1476 2576 1554 quodque

423 1579 769 1623 maxumum
800 1570 1216 1640 argumentum
1246 1570 1337 1624 est
1374 1581 1498 1622 non
1530 1561 1644 1623 dici
1687 1562 1782 1622 illa
1814 1561 2138 1637 subtiliter,
2179 1561 2336 1640 quod
2369 1570 2427 1621 et
2455 1569 2575 1621 tam

421 1647 591 1708 facile
632 1647 971 1708 ediscantur
1014 1654 1072 1707 et
1113 1646 1185 1706 ab
1229 1646 1483 1708 indoctis
1527 1646 1890 1727 probentur,
1934 1646 1995 1707 id
2025 1646 2107 1707 illi
2135 1646 2573 1707 firmamentum

424 1751 552 1794 esse
583 1731 924 1811 disciplinae
956 1740 1186 1810 putant.

494 1853 541 1901 1.
558 1850 671 1899 vita
696 1850 870 1912 magis
888 1862 1046 1912 quam
1073 1847 1278 1898 litteris.
1327 1845 1446 1898 Man
1550 1847 1696 1911 dingt
1718 1847 2089 1909 anzunebmen,
2124 1846 2291 1900 zumal
2319 1845 2384 1897 da
2420 1861 2476 1897 er
2498 1845 2575 1910 (ll.

420 1915 530 1968 lese
566 1915 783 1967 dai-fiber
817 1913 882 1966 de
908 1914 996 1966 fin.
1022 1914 1099 1967 111.
1123 1917 1257 1980 3,11
1298 1915 1447 1966 nach.
1550 1916 1600 1978 3,
1626 1919 1676 1978 7)
1719 1915 1802 1966 die
1844 1914 2101 1968 Schriften
2150 1914 2241 1965 der
2284 1913 2577 1966 romiscben

503 1986 550 2036 2.
598 1984 747 2034 illius
791 1999 951 2034 verae
971 2011 1041 2021 —
1056 1985 1448 2050 philosophiae.
1550 1982 1829 2050 Epikureer
1840 1998 1931 2050 gar
1942 1982 2085 2034 nicht
2095 1982 2303 2050 gelesen
2323 1998 2385 2035 zu
2405 1982 2576 2034 haben

422 2051 539 2117 Vgl.
575 2052 610 2103 Ι.
649 2053 731 2115 23,
756 2052 839 2105 55.
1549 2051 1801 2116 vorgiebt.

491 2122 539 2173 3.
573 2120 736 2170 ducta
769 2137 803 2171 a
841 2111 1104 2170 Socrate‘
1112 2133 1228 2170 vom
1255 2117 1305 2171 S.
1333 2132 1448 2170 aus·
1533 2141 1537 2147 ·
1618 2122 1666 2172 9.
1704 2120 1899 2185 dicens,
1933 2119 2001 2170 im
2039 2117 2326 2184 Gegensatz
2362 2133 2425 2169 zu
2459 2117 2575 2169 illis

422 2202 716 2254 gegangem
755 2187 849 2239 mit
886 2185 937 2238 S.
976 2179 1307 2254 beginnend’,
1346 2187 1446 2238 wie
1546 2188 1826 2238 silentibus
1861 2188 2001 2238 nicht
2027 2186 2161 2238 ohne
2196 2187 2311 2238 eine
2346 2186 2574 2251 gewisse

421 2256 476 2307 ll.
503 2258 551 2321 4,
580 2259 667 2308 10.
712 2271 885 2306 sermo
911 2285 975 2293 —
1003 2271 1032 2306 o
1070 2257 1168 2307 tali
1213 2255 1443 2321 quodam
1543 2256 1708 2307 lronie
1744 2261 1940 2322 gesagt.

417 2324 610 2375 ductus
645 2325 889 2375 exordio.
1616 2326 1693 2377 10.
1711 2326 1989 2389 cognitup
1993 2320 2251 2382 erfacili&
2308 2320 2377 2373 So
2397 2320 2460 2371 de
2478 2318 2574 2372 fin.

487 2396 533 2446 4.
569 2393 711 2443 idem
756 2392 867 2442 alio
907 2391 1080 2442 modo.
1145 2388 1216 2442 So
1253 2389 1317 2442 de
1351 2388 1441 2440 fin.
1541 2390 1579 2442 Ι.
1604 2393 1653 2454 8,
1679 2393 1768 2452 273
1806 2407 1926 2442 cum
1953 2393 2274 2456 praesertim
2309 2389 2407 2439 illa
2428 2388 2574 2455 (Epi-

416 2460 494 2513 lll.
518 2463 597 2526 12,
616 2463 705 2514 41:
741 2465 800 2510 in
826 2465 970 2511 omni
993 2461 1095 2510 hac
1117 2462 1441 2526 quaestione,
1542 2458 1667 2512 kurs
1691 2432 1870 2519 Lebre)
1902 2459 2205 2526 perdiscere
2229 2458 2388 2509 ludus
2418 2461 2571 2508 esset.

419 2545 557 2595 quae
591 2529 657 2579 de
689 2531 842 2579 bonis
864 2532 918 2578 et
938 2528 1095 2578 malis
1131 2527 1443 2593 appelletur,
1597 2530 1676 2582 11.
1686 2529 2075 2590 invitabantur,
2085 2528 2137 2577 in
2150 2525 2325 2591 Bezug
2336 2524 2573 2577 ausmul-

416 2613 527 2648 non
546 2614 654 2647 esee
670 2613 852 2647 rerum
871 2596 1068 2648 Stoicis
1086 2611 1205 2647 cum
1225 2596 1442 2660 Peripa·
1542 2597 1735 2661 titudo,
1772 2595 1913 2648 s..111
1939 2597 2021 2661 28,
2048 2564 2112 2646 7'0
2139 2610 2201 2646 zu
2236 2594 2570 2658 intellegant.

417 2667 592 2716 teticis
603 2667 1035 2730 controversiam,
1047 2664 1441 2715 sednominum.
1602 2665 1880 2714 inlecebris
1898 2662 2109 2714 blandis
2125 2662 2430 2727 voluptatis.
2470 2660 2570 2713 Ge·

503 2733 836 2797 Academici,
892 2731 975 2783 die
1020 2703 1300 2796 ’Anhanger
1351 2729 1442 2782 der
1545 2747 1702 2784 nauer
1725 2730 1879 2783 sollte
1902 2747 1961 2782 es
1985 2730 2181 2782 heitsen
2202 2730 2427 2780 blandae
2443 2729 2570 2794 vol„

418 2816 696 2853 neueren
718 2800 1024 2860 Akademie;
1046 2798 1444 2864 cum—discep-
1545 2798 1666 2851 aber
1700 2799 1831 2851 auch
1877 2798 1962 2849 bei
1999 2798 2173 2850 Cicero
2210 2798 2370 2849 schon
2405 2796 2569 2848 findet

417 2872 686 2920 tarent=
705 2868 1000 2933 disceptare
1028 2866 1306 2916 studerent
1337 2867 1445 2928 (co-
1544 2867 1655 2919 sich
1680 2866 1820 2919 diese
1845 2867 1988 2919 mehr
2012 2866 2111 2917 den
2129 2865 2369 2918 Dichtern
2393 2867 2571 2931 cigen-

415 2937 713 3000 narentnr).
749 2935 849 2985 Zur
862 2934 1027 2987 Sache
1038 2932 1143 2999 vgl.
1148 2931 1206 2985 V.
1225 2936 1310 2996 41,
1326 2934 1442 2987 120.
1544 2934 2181 3000 tumlicheVertauschung
2198 2932 2290 2985 der
2305 2932 2567 2985 Attribute

497 3006 546 3057 8.
599 3002 652 3054 Ο.
699 3002 1005 3064 Amafinius
1050 3001 1195 3065 (oder
1236 3000 1442 3052 Amaia·
1542 3002 1889 3072 (Hypallage);
1925 3002 2029 3070 vgl.
2052 3001 2116 3054 de
2142 3004 2282 3054 deor.
2306 3017 2355 3054 n.
2379 3000 2456 3053 Ill.
2480 3002 2566 3065 27,

416 3072 570 3136 nius),
605 3071 687 3121 ein
723 3069 1003 3135 Epikureer
1038 3071 1099 3130 (s.
1133 3068 1215 3120 die
1249 3067 1439 3120 Einlei-
1485 3067 1489 3072 ’
1542 3073 1633 3124 69:
1668 3087 1759 3138 spe
1782 3072 1977 3122 dubiae
2009 3070 2223 3131 salutis,
2259 3068 2567 3134 umgekehrt

418 3141 594 3206 tung),
641 3138 840 3190 schrieb
887 3139 951 3189 de
1000 3153 1184 3188 rerum
1234 3142 1438 3189 natura
1539 3139 1663 3192 ibid.
1709 3139 1766 3191 11.
1809 3141 1902 3203 39,
1939 3141 2033 3194 98:
2079 3136 2314 3200 fontium
2352 3137 2566 3203 gelidas

416 3207 537 3271 (wie
573 3206 702 3259 auch
739 3206 821 3258 die
867 3207 1103 3273 spiiteren
1147 3205 1437 3258 romischen
1535 3179 1925 3273 perennitates’;
1961 3223 2012 3274 p.
2043 3205 2170 3258 Mur.
2207 3210 2258 3269 4,
2283 3208 2339 3259 8.
2376 3205 2565 3272 ampli-

413 3275 584 3344 Epik„
608 3291 651 3327 z.
662 3274 720 3326 B.
743 3276 948 3340 Lucra,
972 3290 1061 3326 zur
1079 3273 1440 3351 Bekiimpl'ung
1538 3275 1669 3327 tudo
1690 3290 1950 3326 summam
1972 3276 2107 3325 milti
2135 3276 2417 3341 superbiae
2438 3289 2563 3324 cru-

416 3344 508 3397 des
525 3344 929 3409 Aberglaubens,
952 3336 1333 3409 vorzugsvffeise
1353 3341 1438 3395 die
1539 3343 1879 3410 delitatisque
1888 3343 2092 3405 famam
2109 3345 2396 3393 inussisset.
2434 3340 2563 3409 Spa-

412 3411 613 3480 Physik
638 3412 1015 3473 behandelten).
1065 3410 1222 3465 Acad.
1248 3414 1382 3476 post.
1401 3410 1437 3462 l.
1540 3417 1619 3463 ter
1640 3412 1710 3463 ist
1737 3412 1903 3464 dieser
1927 3409 2192 3463 Gebrauch
2217 3408 2448 3477 hiufiger
2473 3425 2563 3478 ge-

415 3482 464 3543 2,
485 3484 544 3533 5.
573 3481 895 3544 (Amafinius
917 3484 970 3530 et
989 3478 1263 3542 Rabirius)
1285 3478 1438 3528 nulla
1538 3479 1765 3531 worden.

413 3554 534 3599 arte
566 3549 809 3599 adhibita
856 3549 921 3598 de
961 3549 1120 3599 rebus
1152 3551 1278 3597 ante
1313 3561 1439 3596 ocu-
1611 3550 1690 3600 12.
1712 3551 1897 3598 sive—
1926 3548 2186 3612 tenebant,
2208 3532 2523 3613 Uber-gang
2508 3561 2562 3598 ιιι

416 3616 493 3668 los
519 3617 716 3682 positis
749 3617 962 3681 volgari
982 3630 1223 3666 sermone
1258 3614 1438 3679 diepu-
1538 3615 1687 3668 einen
1712 3614 1990 3682 Hauptsatz
2015 3614 2117 3666 wie
2140 3614 2177 3669 1.
2204 3618 2250 3678 1,
2280 3618 2336 3675 1;
2371 3614 2449 3667 111.
2478 3616 2562 3680 22,

413 3689 550 3746 tant,
575 3683 717 3734 nihil
732 3683 1012 3748 definiunt,
1035 3683 1435 3747 nihilpartiun-
1537 3686 1604 3737 54
1628 3699 1679 3737 u.
1700 3697 1744 3735 8.

415 3758 507 3803 tur
521 3779 608 3816 --,
629 3750 834 3801 nullam
860 3751 1085 3815 denique
1119 3754 1290 3802 artem
1326 3766 1436 3800 esse
1595 3753 1676 3804 13.
1694 3749 1928 3802 eiusdem
1942 3750 2143 3802 aemuli
2158 3752 2389 3802 rationis
2398 3741 2564 3801 ‘cifri-

411 3835 511 3870 nec
546 3818 759 3870 dicendi
780 3833 878 3868 nec
901 3819 1191 3869 disserendi
1215 3821 1432 3885 putant.
1535 3834 1599 3886 ge
1639 3819 1913 3885 Anhanger
1955 3819 2228 3871 desselben
2275 3816 2311 3870 S
2351 3814 2561 3883 stems‘,

412 3917 481 3927 -—
517 3887 720 3939 Ciceros
768 3884 929 3938 Urteil
973 3886 1044 3937 ist
1084 3886 1226 3938 nicht
1271 3888 1432 3939 unbe-
1533 3902 1577 3940 8.
1602 3885 1661 3939 Β.
1696 3884 1931 3940 Rabirius
1965 3886 2068 3939 und
2106 3886 2279 3938 Catius
2368 3886 2539 3940 suber.

2624 1145 2680 1196 10

2622 1572 2682 1623 15
