2834 4317
1035 165 1224 219 LIBER
1257 166 1333 220 111.
1368 169 1452 231 25,
1472 170 1554 220 60.
1576 169 1658 219 61.
2335 126 2426 225 39.

264 339 633 418 reprendere
664 337 1060 418 Chrysippum
1102 335 1328 398 solebat
1366 336 1705 398 laudantem
1747 337 2135 417 Euripideum
2172 357 2416 400 carmen

265 424 442 486 illud:
990 474 994 479 .

583 507 855 571 Mortalis
884 527 1050 568 nemo
1081 516 1177 578 est,
1215 508 1380 587 que'm
1410 526 1533 568 non
1563 512 1812 586 attinydt
1842 508 2007 569 dolor

579 592 956 673 Morbz'csqae5
982 592 1182 654 multis
1209 595 1343 654 sz'mt
1372 592 1657 654 humandi
1681 592 1862 663 liberi,

188 690 220 740 5
548 677 834 751 ,Rursum
864 678 1115 748 creandi,
1144 681 1407 758 morsque
1435 687 1516 738 est
1542 679 1715 758 finita
1746 679 2025 748 omnibus,

508 818 511 821 ,
577 761 742 834 Quae
769 763 971 842 qe'neri
996 762 1246 823 humano
1279 767 1552 841 angorem
1583 767 1924 843 nequiquam
1955 763 2248 841 adferunt.

574 847 883 909 Reddenda
910 857 1099 909 terrae
1127 857 1207 907 est
1235 848 1412 918 terra,
1445 858 1570 909 tum
1600 852 1723 908 vita
1754 848 2020 909 omnibus

572 932 856 1003 Mete'nda,
887 944 952 994 ut
981 933 1199 1013 fre'cyes.
1271 930 1368 993 Sic
1399 933 1552 993 iubet
1583 931 1913 995 Necessitas.

0 1016 3 1095 l
266 1018 531 1096 Negabat
589 1036 780 1096 genus
834 1018 948 1078 hoc
994 1017 1278 1078 orationis
1322 1018 1643 1095 quicquam
1688 1019 1934 1079 omnino
1986 1019 2058 1079 ad
2108 1018 2411 1080 levandam
2452 1027 2513 1077 60

0 1106 3 1111 ’
160 1113 221 1165 1ο
269 1103 697 1182 aegritudinem
728 1103 1048 1182 pertinere.
1108 1102 1173 1162 ld
1219 1101 1377 1162 enim
1420 1103 1615 1181 ipsum
1644 1103 1964 1164 dolendum
1996 1121 2126 1164 esse
2156 1102 2408 1177 dicebat,

267 1189 426 1265 quod
485 1188 547 1248 in
605 1198 726 1248 tam
772 1187 1073 1249 crudelem
1119 1187 1527 1248 necessitatem
1573 1187 1984 1250 incidissemus
1997 1207 2015 1264 ;
2071 1206 2209 1249 nam
2252 1189 2409 1249 illam

0 1308 1 1323 ἢ
266 1273 504 1352 quidem
550 1273 881 1334 orationem
927 1291 994 1333 ex
1040 1272 1605 1333 commemoratione
1646 1272 1976 1343 alienorum
2016 1272 2308 1334 malorum
2335 1274 2408 1335 ad

262 1358 568 1419 malivolos
627 1358 1023 1435 consolandos
1079 1375 1208 1418 esse
1253 1357 1773 1421 accommodatam.
1859 1356 2002 1418 Mihi
2043 1375 2186 1418 vero
2228 1358 2407 1438 longe

263 1443 494 1504 videtur
536 1462 736 1518 secus;
781 1461 919 1503 nam
970 1451 1030 1503 et
1058 1442 1378 1503 necessitas
1406 1441 1686 1502 ferendae
1716 1442 2086 1504 condicionis
2113 1443 2407 1505 humanae

155 1537 216 1589 15
261 1529 428 1607 quasi
483 1537 637 1589 cum·
675 1529 787 1589 deo
829 1546 1098 1606 pugnare
1150 1526 1430 1606 prohibet
1471 1528 1868 1606 admonetque
1910 1546 2041 1589 esse
2080 1527 2405 1602 hominem,

261 1631 413 1691 quae
455 1613 734 1692 cogitatio
770 1631 987 1692 magno
1021 1631 1201 1692 opere
1232 1613 1454 1673 luctum
1487 1612 1668 1685 levat,
1716 1623 1775 1672 et
1806 1613 2173 1674 enumeratio
2206 1632 2406 1674 exem·

262 1698 497 1776 plorum
527 1718 650 1759 non
668 1744 684 1770 ,
715 1708 782 1759 ut
810 1699 1072 1759 animum
1105 1697 1513 1758 malivolorum
1543 1696 1829 1771 oblectet,
1870 1697 2161 1771 adfertur,
2204 1699 2309 1759 sed
2339 1710 2406 1761 ut

258 1783 386 1857 ille,
432 1784 533 1863 qui
578 1792 831 1857 maeret,
876 1784 1197 1845 ferundum
1230 1781 1342 1844 sibi
1374 1783 1432 1843 id
1463 1791 1735 1856 censeat,
1779 1783 1938 1861 quod
1967 1783 2160 1844 videat
2187 1784 2405 1845 multos

262 1869 563 1929 moderate
609 1877 668 1929 et
696 1868 1016 1946 tranquille
1058 1868 1279 1929 tulisse.
1350 1867 1644 1928 Omnibus
1688 1867 1848 1928 enim
1889 1868 2080 1930 modis
2122 1869 2407 1930 fulciendi
2448 1874 2505 1925 61

153 1963 214 2014 20
256 1965 399 2015 sunt
449 1954 551 2032 qui
603 1963 788 2014 ruunt
840 1971 953 2015 nec
996 1955 1316 2014 cohaerere
1359 1962 1614 2032 possunt
1653 1960 1897 2033 propter
1935 1954 2405 2032 magnitudinem

258 2038 671 2117 aegritudinis3
701 2056 769 2098 ex
791 2057 909 2117 quo
933 2039 1120 2119 ipsam
1145 2038 1577 2117 aegritudinem
1599 2037 1816 2123 λύπην
1843 2038 2205 2118 Chrysippus
2234 2039 2404 2117 quasi

228 2155 532 2216 ‘occidis-503
573 2158 654 2218 37,
682 2157 773 2207 79:
808 2159 875 2205 ut
901 2155 1277 2207 Alexandrum
1380 2153 1439 2206 B.
1467 2153 1526 2205 G.
1550 2152 1633 2204 vl.
1674 2156 1760 2206 18:
1796 2153 1979 2219 (Galli)
2014 2157 2196 2220 spatia
2233 2159 2405 2207 omnis

256 2225 511 2275 videmus.
1380 2227 1518 2287 temp
1526 2224 1637 2272 oris
1658 2237 1769 2271 non
1791 2238 2015 2272 numero
2050 2224 2275 2285 dierum,
2310 2224 2405 2275 sed

322 2293 621 2343 Antiochus
654 2305 748 2342 aus
782 2290 1023 2353 Ascalon,
1063 2289 1278 2342 Schfiler
1376 2293 1615 2340 noctium
1650 2288 1867 2350 finiunt.

254 2359 398 2423 (aber
431 2360 574 2411 nicht
608 2358 936 2424 Nachfolger)
983 2358 1074 2410 des
1109 2357 1277 2421 Philo,
1447 2362 1495 2409 7.
1541 2361 1654 2407 tum
1699 2358 1832 2409 reiht
1877 2358 1989 2409 hier
2027 2372 2122 2408 nur
2155 2355 2249 2408 das
2283 2356 2400 2409 Fol-

254 2427 499 2479 bemuhte
523 2428 634 2478 sich
669 2427 753 2479 die
787 2427 1015 2478 stoische
1049 2427 1153 2477 und
1188 2441 1278 2492 pe-
1314 2480 1317 2481 ι
1379 2424 1545 2490 gentle
1592 2439 1655 2475 an
1701 2424 1793 2476 das
1830 2423 2259 2490 Vorhergehende
2306 2442 2398 2486 ειη

252 2497 403 2560 ripat.
440 2495 599 2547 Lehre
650 2496 746 2546 mit
784 2496 874 2546 der
909 2492 1058 2546 akad.
1094 2509 1276 2546 auszu-
1379 2493 1572 2553 fernen
1623 2493 1799 2544 Cicero
1836 2493 2038 2544 scheint
2085 2492 2177 2544 das
2212 2488 2278 2542 δὲ
2307 2493 2400 2546 des

0 2542 3 2623 l
254 2564 515 2628 gleichem
560 2568 834 2628 nostrum,
879 2561 997 2613 weil
1034 2562 1136 2614 Cic.
1171 2562 1277 2613 und
1378 2559 1632 2626 Originals
1689 2561 1832 2612 nicht
1891 2576 2058 2627 genau
2123 2559 2399 2626 ausgefal'st

0 2628 3 2701 l
252 2631 444 2683 Brutus
490 2631 580 2683 ihn
617 2633 671 2682 in
705 2631 874 2682 Athen
911 2630 1118 2692 hortem
1171 2631 1275 2696 vgl.
1378 2643 1443 2679 zu
1481 2628 1663 2681 haben.

0 2706 1 2731 ³
252 2699 315 2752 V.
354 2702 402 2764 8,
427 2701 511 2752 22.
847 2697 853 2705 '
1445 2699 1559 2747 vila
1594 2724 1662 2735 --
1692 2696 1953 2749 metenda.
2009 2695 2126 2762 vgl.
2161 2694 2279 2748 Hor.
2315 2711 2397 2764 ep.

324 2771 369 2819 1.
409 2768 764 2834 Chrysippus,
791 2780 835 2819 s,
872 2780 933 2816 zu
967 2764 1003 2816 1.
1040 2768 1122 2827 45,
1163 2767 1277 2819 108.
1376 2763 1434 2817 11.
1461 2766 1657 2828 2178:
1692 2767 1741 2814 si
1773 2766 1926 2816 metit
1957 2765 2127 2816 Orous
2153 2765 2397 2830 grandia

318 2836 515 2902 Eut-ip.
560 2851 776 2885 carmen
825 2833 946 2896 (wie
979 2832 1016 2884 1.
1056 2835 1135 2895 16,
1172 2836 1277 2899 37),
1379 2848 1501 2884 eum
1531 2835 1736 2898 parvis.

249 2904 380 2955 nach
402 2902 547 2955 Stob.
568 2917 718 2957 serm.
741 2905 838 2955 106
852 2916 944 2952 aus
963 2899 1054 2952 der
1071 2897 1278 2967 ‘Hypsi-
1450 2903 1531 2954 12.
1552 2917 1621 2951 σω
1656 2903 2170 2966 commemoratione,
2201 2917 2273 2953 sc.
2305 2918 2399 2968 pe-

248 2962 406 3038 pyle',
444 2972 525 3022 bei
564 2969 744 3022 Nauck
781 2969 841 3022 fr.
879 2972 977 3020 757
1014 2984 1065 3035 p.
1092 2971 1215 3022 468:
1379 2971 1535 3019 litam
1570 2968 1652 3020 od.
1682 2968 2003 3034 profectam,
2041 2970 2145 3036 vgl.
2182 2985 2226 3020 z.
2250 2968 2286 3021 1.
2314 2972 2398 3036 22,

0 3050 1 3135 l
308 3036 447 3109 Ἐφυ
480 3040 584 3106 μὲν
618 3033 814 3101 οὐδείς,
860 3029 1009 3088 ὅστις
1062 3032 1124 3087 οὗ
1176 3053 1275 3088 πο-
1379 3039 1475 3089 51:
1521 3040 1638 3087 sine
1681 3052 1905 3102 corpore
1949 3036 2054 3088 und
2103 3046 2259 3090 unten
2314 3038 2398 3105 26,

652 3109 743 3157 νεῖ
773 3104 997 3185 βροῙῶν
1376 3107 1467 3158 62:
1504 3106 1595 3156 Em
1629 3106 1731 3156 hae
1764 3107 2034 3170 opinione.

0 3216 1 3249 ¹
317 3171 531 3227 θάπτει
546 3192 608 3225 τε
627 3177 810 3236 τέκνα,
829 3167 1012 3241 χατερ’
1031 3162 1103 3224 αὖ
1119 3176 1268 3226 onel—
1445 3174 1525 3225 13.
1561 3174 1843 3224 malivolos
1868 3165 2312 3225 ‘Schadensrohe'.

0 3280 1 3287 κ
659 3261 740 3311 ρει
775 3245 892 3305 νέα,
1443 3244 1523 3293 15.
1562 3240 1916 3306 admonetque
1947 3235 2190 3293 ‘erinnert
2226 3241 2396 3305 einen,

0 3310 1 3377 3
314 3306 504 3362 Αὐτός
556 3328 617 3361 τε
670 3305 928 3374 θνήσκει·
985 3310 1076 3358 καὶ
1133 3302 1266 3359 τάδ’
1374 3307 1485 3360 dass
1521 3323 1641 3360 man
1674 3302 1776 3360 —-'.
1835 3307 1947 3374 Vgl.
1981 3309 2113 3361 auch
2148 3324 2211 3360 zu
2246 3308 2281 3359 1.
2308 3311 2395 3376 29,

0 3424 1 3435 ,
655 3375 934 3442 ἄχθονται
977 3379 1170 3444 βροςτοὶ
1376 3380 1468 3429 71:
1506 3377 1872 3442 adhibuitque.

314 3447 413 3498 Εἰς
465 3446 573 3516 γῆν
624 3449 879 3515 φέροντες
909 3443 1039 3530 γῆν·
1103 3439 1268 3514 o’tvay-
1446 3447 1526 3499 20.
1561 3460 1659 3495 nee
1682 3435 2056 3496 cohaerere‘in
2076 3442 2185 3494 sich
2206 3442 2391 3495 keinen

653 3516 822 3563 καίως
857 3507 891 3563 δ
964 3511 1072 3575 ἔχει
1376 3512 1497 3564 Halt
1530 3504 1733 3564 haben'.
1791 3512 1892 3564 Das
1919 3511 2032 3563 Bild
2065 3510 2136 3563 ist
2168 3527 2270 3562 von
2295 3511 2392 3563 Ge·

310 3585 451 3634 Blov
490 3580 766 3653 θερίζειν,
814 3573 958 3632 ὥστε
991 3575 1267 3648 κάρπιμον
1374 3579 1576 3633 handen
1591 3581 1845 3641 entlehnt;
1865 3594 1924 3632 so
1947 3579 2010 3632 de
2028 3579 2134 3630 har.
2152 3595 2286 3646 resp.
2308 3582 2391 3645 27,

653 3647 871 3712 στάχυν.
1370 3652 1464 3711 6οε
1502 3652 1599 3699 υίω
1644 3651 1797 3712 haec,
1840 3652 1891 3699 si
1922 3648 2161 3713 undique
2194 3646 2392 3708 fulcia-

326 3721 374 3770 5.
419 3720 501 3767 est
542 3717 701 3779 finita
743 3740 812 3762 ω
857 3715 1107 3779 definita,
1145 3731 1267 3766 con·
1366 3732 1503 3781 mus,
1540 3718 1910 3768 cohaerebunt.
1969 3715 2080 3782 Vgl.
2109 3713 2168 3767 V.
2194 3717 2277 3781 28,
2309 3719 2390 3769 80.

239 3788 461 3845 :tantm
498 3786 600 3836 wie
630 3783 696 3835 de
729 3783 829 3850 leg.
853 3784 911 3835 11.
935 3785 1018 3848 26,
1043 3787 1136 3837 66:
1177 3784 1266 3835 Se·
1439 3786 1520 3836 21.
1558 3787 1717 3850 quasi
1749 3785 2080 3835 solationem.
2148 3783 2219 3835 So
2255 3785 2389 3836 auch

238 3854 447 3921 pulcris
469 3856 626 3904 novis
648 3852 830 3915 finivit
849 3853 1088 3915 modum3
1120 3852 1265 3905 Caes.
1370 3851 1501 3907 Plat.
1522 3853 1653 3904 Crat.
1680 3867 1728 3917 p.
1754 3855 1855 3905 419
1882 3867 1936 3902 c:
1972 3847 2005 3914 ἡ
2043 3845 2217 3916 λύπη
2252 3847 2389 3905 ἀπὸ
