2834 4317
453 167 535 227 52
1203 167 1392 221 uBER
1424 167 1502 222 111.
1538 171 1622 235 34,
1641 169 1724 223 82.
1744 170 1829 222 83.

454 340 647 414 citate,
678 341 749 401 de
781 340 946 402 omni
976 359 1133 414 casu,
1163 340 1226 402 in
1259 358 1378 419 quo
1409 358 1631 402 nomen
1664 341 1810 421 poni
1839 340 1990 402 solet
2019 339 2384 403 calamitatis.
2436 341 2599 402 Haec

456 425 662 488 Graeci
690 425 753 486 in
785 425 1050 505 singulas
1076 425 1308 488 scholas
1338 434 1397 487 et
1426 426 1488 487 in
1518 426 1785 506 singulos
1814 425 1998 488 libros
2028 425 2414 505 dispertiunt3
2446 444 2601 506 opus

456 509 615 573 enim
666 519 993 589 quaerunt;
1053 528 1408 591 quamquam
1460 511 1675 590 plenae
1716 511 2147 591 disputationes
2190 510 2599 572 delectationis

349 607 409 659 82
451 604 608 658 sunt.
669 595 745 656 Et
778 604 1009 669 tamen,
1039 605 1108 657 ut
1138 595 1347 657 medici
1375 605 1504 658 toto
1535 614 1791 676 corpore
1819 596 2083 658 curando
2112 595 2391 657 minimae
2420 596 2598 658 etiam

456 680 635 761 parti,
682 681 732 742 si
775 680 1111 753 condoluit,
1152 681 1494 756 medentur,
1536 681 1622 743 sic
1657 682 2056 762 philosophia,
2099 699 2236 742 cum
2268 681 2601 743 universam

456 766 883 845 aegritudinem
929 765 1191 841 sustulit,
1236 766 1472 829 sustulit
1502 766 1706 840 etiam,
1754 767 1803 827 si
1833 766 1965 846 quis
1995 784 2164 828 error
2194 766 2468 828 alicunde
2497 785 2602 828 ex·

456 850 622 923 stitit,
653 850 705 912 si
727 860 1045 932 paupertas
1072 851 1410 926 momordit,
1442 851 1492 914 si
1521 851 1846 931 ignominia
1876 852 2148 931 pupugit,
2177 851 2228 913 si
2258 852 2398 930 quid
2429 861 2603 912 tene-

457 935 699 997 brarum
734 936 944 998 offudit
966 937 1235 998 exsilium
1263 945 1365 998 aut
1395 954 1633 1008 eorum,
1681 955 1834 1016 quae
1863 937 2039 997 modo
2068 935 2216 1010 dixi,
2247 936 2295 997 si
2326 936 2468 1016 quid
2497 955 2602 998 ex·

457 1020 638 1095 stitit3
691 1021 800 1083 etsi
850 1021 1213 1101 singularum
1255 1040 1457 1084 rerum
1504 1031 1646 1084 sunt
1685 1021 1962 1102 propriae
2005 1022 2472 1094 consolationeS,
2525 1022 2601 1083 de

458 1105 674 1185 quibus
699 1106 899 1169 audies
921 1116 986 1169 tu
1016 1107 1274 1187 quidem,
1307 1126 1443 1169 cum
1475 1107 1652 1170 voles.
1712 1107 1828 1168 Sed
1856 1107 1929 1168 ad
1960 1106 2216 1169 eundem
2246 1109 2473 1168 fontem
2502 1125 2603 1168 re·

459 1192 806 1253 vertendum
846 1199 964 1266 est,
1010 1193 1437 1271 aegritudinem
1482 1210 1723 1253 omnem
1763 1191 1976 1271 procul
2011 1191 2219 1254 abesse
2248 1210 2281 1253 a
2310 1192 2600 1273 sapiente,

457 1276 620 1355 quod
648 1276 842 1339 inanis
870 1277 974 1352 sit,
1018 1278 1178 1358 quod
1208 1279 1427 1339 frustra
1455 1277 1837 1357 suscipiatur,
1870 1276 2030 1355 quod
2061 1295 2183 1338 non
2216 1286 2428 1339 natura
2456 1295 2601 1338 exo-

458 1360 661 1436 riatur,
691 1362 796 1424 sed
826 1362 1074 1436 iudicio,
1105 1365 1206 1425 sed
1240 1363 1557 1443 opinione,
1600 1363 1705 1425 sed
1733 1363 1986 1441 quadam
2014 1361 2360 1424 invitatione
2388 1362 2461 1423 ad
2491 1363 2602 1423 do·

456 1447 728 1521 lendum,
775 1466 911 1508 cum
954 1448 1012 1508 id
1058 1448 1492 1510 decreverimus
1522 1448 1599 1509 ita
1630 1447 1758 1509 fieri
1789 1456 2085 1527 oportere.
2153 1446 2283 1509 Hoc
2313 1447 2598 1521 detracto,

458 1530 618 1611 quod
647 1540 835 1595 totum
867 1541 958 1595 est
986 1533 1412 1608 voluntarium,
1444 1533 1748 1612 aegritudo
1779 1532 1895 1594 erit
1922 1531 2149 1594 sublata
2179 1532 2277 1593 illa
2293 1550 2600 1604 maerenS,

457 1635 693 1680 morsus
733 1628 930 1679 tamen
973 1628 1033 1679 et
1081 1619 1593 1682 contractiuncula
1633 1619 1919 1697 quaedam
1949 1617 2131 1679 animi
2159 1618 2599 1697 relinquentur.

458 1702 627 1764 Hanc
649 1702 849 1764 dicant
869 1721 1013 1764 sane
1037 1704 1382 1778 naturalem,
1413 1704 1556 1766 dum
1578 1702 1964 1783 aegritudinis
1987 1721 2207 1764 nomen
2230 1703 2382 1765 absit
2402 1721 2600 1781 grave,

457 1795 728 1862 taetrum,
767 1788 1089 1862 funestum,
1122 1789 1280 1867 quod
1309 1808 1446 1851 cum
1476 1789 1763 1869 sapientia
1793 1807 1922 1851 esse
1950 1797 2147 1868 atque,
2179 1797 2247 1849 ut
2273 1788 2354 1850 ita
2385 1788 2600 1863 dicam,

458 1869 723 1933 habitare
755 1872 919 1934 nullo
950 1875 1125 1934 modo
1156 1874 1360 1953 possit.

627 1961 702 2018 At
730 1975 879 2036 quae
909 1958 1124 2037 stirpes
1153 1967 1294 2021 sunt
1322 1958 1727 2038 aegritudini8‚
1758 1976 1937 2037 quam
1965 1913 2201 2031 multae,
2233 1976 2410 2055 qutam
2441 1976 2602 2019 ama-

457 2042 587 2104 rael
619 2060 772 2122 quae
796 2042 924 2122 ipso
948 2052 1164 2106 trunco
1190 2062 1394 2107 everso
1427 2063 1636 2107 omnes
1658 2043 1964 2123 eligendae
1994 2053 2136 2105 sunt
2165 2052 2243 2116 et,
2273 2043 2323 2105 si
2353 2062 2600 2105 necesse

530 2213 575 2264 1.
594 2212 655 2262 in
674 2226 813 2276 quo.
827 2227 992 2277 ,pont
984 2205 1171 2263 '‘solet
1180 2211 1262 2264 sur
1280 2212 1479 2265 welche
1636 2214 1686 2263 si
1703 2212 1835 2277 quid
1852 2212 2192 2263 tenebrarum
2210 2202 2434 2293 offudit‘
2447 2225 2600 2264 wenn

459 2278 800 2345 angewendet
833 2295 898 2330 zu
925 2279 1128 2331 werden
1185 2271 1341 2346 flegt’.
1404 2279 1478 2333 Zu
1579 2308 1647 2318 —
1680 2280 1732 2332 in
1757 2278 2012 2331 Triibsinn
2037 2284 2262 2331 versetzt
2284 2270 2416 2332 hat'.
2473 2278 2601 2345 (An-

457 2362 649 2399 nomen
708 2347 1033 2399 calamitatis
1085 2296 1191 2415 νςῗ.
1247 2349 1328 2413 16,
1381 2352 1478 2403 35:
1580 2347 1698 2400 ders
1733 2347 1909 2413 caligo
1948 2345 2009 2399 V.
2046 2349 2094 2411 2,
2130 2347 2199 2410 6.)

458 2415 731 2467 auoeilium
762 2416 984 2468 doloris.
1648 2418 1699 2470 9.
1731 2418 1847 2480 etsi,
1882 2431 1924 2469 s.
1959 2414 2093 2466 zul.
2132 2417 2215 2477 42,
2252 2417 2334 2468 99.

526 2486 575 2536 2.
607 2499 744 2568 opus
777 2486 918 2535 enim
953 2488 1237 2567 quaerunt,
1277 2484 1476 2536 scherz-
1648 2487 1727 2537 10.
1763 2484 1966 2549 audies,
1998 2482 2068 2534 im
2103 2486 2153 2535 4.
2191 2482 2380 2536 Buche.

458 2544 624 2604 hart?
632 2552 708 2604 sie
733 2551 926 2604 suchen
953 2544 1148 2605 Arbeit’
1171 2552 1294 2616 (wie
1312 2552 1479 2617 Tage·
1648 2552 1755 2602 Sed
1785 2580 1853 2590 --
1886 2551 2260 2602 revertendum
2293 2555 2399 2616 est,
2444 2551 2601 2603 naml.

458 2619 672 2683 ΙὸΙιιιοι).
739 2619 836 2673 Mit
870 2635 1194 2686 quamquam
1228 2626 1326 2673 cet.
1362 2621 1479 2672 mil-

453 2687 697 2807 «1119ιὶ010.
724 2687 1032 2740 einlenkend
1057 2688 1234 2741 diesen
1270 2688 1478 2741 kleinen

500 2771 547 2808 ie

545 2826 593 2877 3.
659 2825 850 2905 plenae
911 2824 1278 2874 delectationis
1340 2817 1479 2876 ‘sehr

454 2882 805 2943 interessant’.

1579 2618 1663 2670 bei
1688 2620 1787 2671 den
1810 2617 2077 2671 einzelnen
2096 2618 2450 2684 Trostungen:
2473 2617 2604 2681 fone

1570 2679 1920 2739 ‘Grundsatzfi

1650 2757 1728 2808 13.
1765 2757 2088 2806 invitatione
2096 2746 2498 2822 ‘Austordemng
2532 2769 2602 2807 an

1580 2822 1690 2874 sich
1733 2820 1932 2875 selbst’.
2003 2821 2118 2889 Vgl.
2157 2825 2242 2889 30,
2277 2824 2366 2875 73:
2402 2825 2511 2889 ipsi
2542 2840 2602 2874 se

1580 2890 1653 2941 ad
1684 2893 1959 2942 miseriam
1992 2893 2241 2942 invitant.

536 2962 586 3012 4.
627 2959 703 3009 Et
743 2962 945 3009 tamen·
969 2963 1067 3010 cet.
1138 2956 1290 3009 Sinn.
1335 2956 1479 3011 Doch

454 3025 574 3145 {ingl
586 3025 920 3144 ldefigleichen
938 3024 1341 3093 Monograpbien
1367 3031 1479 3078 ent-

495 3107 523 3146 e
563 3109 653 3145 r1c
695 3136 706 3148 .

537 3166 583 3215 5.
629 3165 949 3226 universam,
992 3161 1095 3227 vgl.
1145 3178 1209 3214 zu
1247 3161 1302 3215 11.
1342 3165 1389 3228 1,
1426 3165 1474 3217 4.

457 3229 532 3283 Ζιι
580 3231 859 3282 condoluit
893 3230 996 3298 vgl.
1034 3232 1083 3297 2,
1116 3233 1174 3284 3:
1219 3231 1475 3283 tulerunt.

528 3300 574 3351 6.
621 3316 778 3350 error
810 3321 879 3343 ι-
911 3300 1095 3366 opinio
1142 3299 1275 3350 mali
1317 3315 1475 3365 prae-

455 3371 637 3431 sentis,
658 3370 718 3419 in
737 3382 842 3433 quo
865 3369 1001 3433 angi
1023 3372 1270 3434 oportere
1292 3368 1473 3418 videa-

459 3441 564 3487 tur.

527 3504 778 3555 alicunde
800 3496 917 3556 ‘aus
940 3502 1120 3569 irgend
1156 3503 1320 3555 einem
1346 3503 1481 3556 ein-

460 3572 694 3623 zelnen
732 3570 1129 3637 Gegenstande‘.

529 3643 577 3691 7.
626 3643 917 3704 paupertas
974 3640 1276 3691 momordit.
1363 3637 1479 3705 Vgl.

460 3704 541 3758 lV.
591 3709 673 3770 20,
709 3710 802 3760 45:
852 3708 1090 3758 morderi
1135 3710 1481 3760 conscientia.

460 3773 763 3826 Auvserdem
800 3790 841 3826 s.
878 3773 1103 3839 qu.6,
1144 3777 1229 3829 16:
1274 3781 1481 3827 terrent

462 3869 533 3881 —
570 3843 805 3894 exedunt
840 3848 936 3894 cet.
1053 3844 1150 3895 N·-

1652 2960 1731 3012 16.
1753 2964 1932 3009 tamen
1947 2950 2251 3011 ‘hochstens
2269 2955 2446 3020 noch‘3
2475 2973 2604 3008 con-

1580 3028 1962 3092 tractiuncula,
1994 3025 2199 3078 worauf
2229 3026 2339 3079 sich
2375 3026 2465 3077 das
2501 3025 2601 3077 sol-

1580 3094 1745 3161 gende
1780 3095 1934 3146 Hanc
1980 3094 2215 3158 bezieht,
2268 3093 2383 3145 eine
2418 3094 2602 3160 ergan-

1579 3161 1739 3215 zende
1774 3162 2128 3228 Bestimmung
2162 3177 2252 3214 zu:
2287 3177 2495 3213 morsus
2529 3184 2601 3204 =

1577 3246 1647 3281 occ
1682 3235 1941 3283 contract.
1966 3234 2101 3282 orti:
2140 3229 2601 3282 Beklommenheit.

1578 3297 1694 3365 Vgl.
1717 3298 1800 3350 IV.
1827 3301 1911 3364 31,
1935 3300 2027 3351 66.
2074 3300 2375 3350 contractio
2412 3299 2600 3350 animi.

1647 3369 1726 3419 17.
1760 3383 1905 3430 sane,
1941 3367 2045 3433 vgl.
2081 3381 2146 3417 zu
2179 3363 2262 3418 lV.
2298 3367 2379 3431 21,
2413 3368 2498 3418 48.

1655 3438 1733 3489 19.
1771 3437 2043 3499 habitare,
2090 3435 2280 3501 griech.
2314 3435 2602 3499 συνοικεῖνι,

1583 3503 1686 3569 vgl.
1726 3501 1783 3554 V.
1821 3505 1903 3567 24,
1938 3505 2031 3556 69:
2064 3504 2325 3568 sapientis
2358 3504 2604 3553 animum

1583 3587 1703 3622 cum
1720 3574 1804 3622 lais
1826 3573 2156 3622 habitantem
2164 3574 2603 3641 pernoctantem

1583 3655 1688 3705 quc
1722 3642 1884 3691 curis.

1651 3709 1733 3761 21.
1760 3706 2050 3773 eligendae,
2073 3706 2184 3758 hier
2205 3704 2311 3758 und
2332 3706 2383 3789 ξ
2390 3707 2457 3758 84
2480 3703 2604 3757 das·

1584 3775 1724 3827 selbe
1751 3776 1850 3827 wie
1886 3777 1934 3838 6,
1976 3777 2066 3828 13:
2123 3764 2383 3826 evenere‘
2394 3787 2604 3825 austan-

1583 3842 1685 3906 fen,
1722 3811 2041 3908 ausrupfen',
2082 3843 2164 3894 ein
2200 3856 2320 3894 vom
2356 3840 2605 3893 Landbau

2650 1542 2705 1594 15
