2834 4317
40 1111 165 1164 ,10

970 154 1159 207 [ABER
1194 157 1230 209 1.
1271 159 1351 221 ιο,
1387 158 1470 208 20.
1507 158 1587 209 ιι.
2282 157 2361 215 39

198 327 435 409 aliquid,
484 328 651 406 quod
693 327 887 408 ipsum
933 328 1106 406 quale
1151 336 1322 405 esset,
1350 336 1478 389 erat
1520 328 1707 390 multo
1752 335 1892 389 ante
1934 337 1993 389 et
2035 329 2257 391 dictum
2304 339 2363 391 et

198 415 580 495 explanatum
624 432 657 475 a
687 413 953 475 Platone.
1013 412 1380 474 Xenocrates
1425 413 1606 474 animi
1649 414 1896 493 figuram
1940 422 2000 474 et
2029 414 2196 492 quasi
2227 433 2363 477 cor-

199 519 310 579 pus
342 499 586 578 negavit
627 517 775 573 esse,
820 516 1053 559 merum
1085 516 1402 560 numerum
1435 498 1581 560 dixit
1610 517 1757 574 esse,
1803 498 1975 560 cuius
2003 498 2108 574 viS‚
2151 508 2221 560 ut
2247 501 2363 562 iam

199 593 338 645 ante
371 585 741 664 Pythagorae
770 584 960 646 visum
990 591 1136 658 erat,
1168 583 1230 644 in
1263 592 1479 645 natura
1510 601 1781 645 maxuma
1812 592 1984 645 esset.
2043 583 2189 646 Eius
2220 585 2364 647 doc-

197 677 296 730 tor
346 669 516 731 Plato
572 668 868 749 triplicem
927 668 1100 729 finxit
1142 669 1427 743 animum,
1489 671 1661 731 cuius
1703 669 2125 749 principatum,
2170 668 2229 730 id
2274 678 2365 732 est

198 755 516 828 rationem,
561 755 623 815 in
669 754 863 833 capite
907 754 1063 816 sicut
1106 754 1168 814 in
1213 772 1350 815 arce
1392 754 1594 834 posuit
1637 763 1697 815 et
1740 755 1886 816 duas
1930 754 2117 834 partis
2158 754 2212 815 ei
2256 774 2361 834 pa-

200 857 337 901 rere
366 840 573 914 voluit,
605 840 749 900 iram
782 849 841 900 et
870 838 1274 919 cupiditatem,
1309 857 1455 918 quas
1484 840 1607 901 suis
1636 838 1801 914 locis,
1834 840 1980 900 iram
2011 840 2072 900 in
2103 849 2362 920 pectore,

201 924 584 1007 cupiditatem
616 925 822 986 subter
849 924 1194 1005 praecordia
1240 923 1472 985 locavit.
1532 925 1926 987 Dicaearchus
1967 937 2166 986 autem
2194 925 2258 986 in
2291 944 2361 987 eo

199 1029 500 1088 sermone,
545 1028 719 1090 quem
767 1009 1036 1071 Corinthi
1079 1008 1348 1070 habitum
1389 1008 1586 1071 trihus
1629 1009 1796 1071 libris
1838 1010 2102 1090 exponit,
2148 1010 2362 1073 docto-

205 1113 336 1157 rum
370 1096 681 1157 hominum
711 1094 1364 1202 disputantium3primo
1395 1094 1550 1156 libro
1597 1095 1814 1157 multos
1856 1095 2159 1175 loquentis
2187 1096 2361 1170 facit3

205 1180 440 1243 duobus
485 1182 880 1243 Pherecraten
943 1180 1240 1259 quendam
1286 1180 1624 1242 Phthiotam
1681 1199 1921 1254 senem,
1982 1198 2157 1261 quem
2204 1181 2286 1242 ait
2328 1199 2361 1241 a

203 1266 564 1329 Deucalione
609 1275 826 1341 ortum,
870 1265 1259 1327 disserentem
1305 1266 1553 1340 inducit,
1599 1265 1748 1326 nihil
1780 1283 1908 1327 csse
1954 1266 2201 1326 omnino
2234 1266 2362 1326 ani-

203 1370 365 1413 mum
409 1361 472 1413 et
512 1351 628 1413 hoc
688 1371 816 1413 esse
860 1368 1083 1413 nomen
1129 1359 1320 1412 totum
1364 1350 1546 1411 inane
1602 1351 1942 1428 frustraque
1987 1349 2255 1410 animalia
2301 1359 2361 1410 et

204 1436 520 1499 animantis
550 1436 853 1519 appellari,
887 1453 1083 1515 neque
1112 1436 1174 1496 in
1206 1435 1449 1498 homine
1471 1435 1671 1498 inesse
1689 1435 1951 1496 animum
1983 1435 2075 1496 vel
2101 1435 2359 1496 animam

1400 1641 1452 1692 6.
1485 1642 1628 1688 sicut
1662 1640 1721 1688 in
1755 1654 1911 1702 arce,
1958 1653 2001 1689 s.
2036 1653 2101 1689 zu
2141 1641 2229 1701 11,
2266 1640 2356 1690 24;

1329 1710 1488 1773 quasi
1519 1710 1580 1755 in
1603 1705 1952 1759 domicilium.

1399 1779 1448 1827 7.
1483 1775 1658 1825 voluit
1701 1773 2043 1839 behauptete,
2086 1773 2240 1825 nahm
2276 1788 2361 1839 an,

1329 1842 1431 1895 wie
1471 1844 1551 1903 18,
1575 1844 1667 1902 42ς
1706 1843 1788 1904 24,
1814 1845 1877 1894 57
1892 1862 1905 1902 ;
1931 1843 2017 1908 38,
2040 1842 2107 1893 92
2131 1857 2183 1893 ιι.
2209 1844 2258 1893 ὃ.

1396 1913 1449 1965 8.
1501 1910 1871 1961 Dicaearchus
1905 1925 2000 1962 aus
2034 1908 2268 1961 Messana
2306 1910 2359 1961 in

1328 1977 1558 2042 Sicilien,
1594 1979 1677 2029 ein
1714 1978 1930 2030 Schuler
1983 1976 2075 2029 des
2111 1979 2359 2029 Aristote-

1330 2047 1436 2113 les,
1480 2046 1684 2099 schrieh
1722 2049 1753 2099 3
1791 2045 1990 2098 Biicher
2025 2050 2152 2113 περὶ
2187 2053 2362 2113 ψυχῆς

1326 2115 1481 2179 (auch
1502 2113 1880 2183 Κορινθιακοὶ
1916 2117 2162 2180 genennt)
2185 2112 2290 2165 und
2328 2116 2359 2167 3

1329 2183 1647 2250 Λεσβιακοί.
1718 2182 1837 2248 Vgl.
1860 2185 1944 2247 31,
1970 2185 2060 2247 77,
2103 2196 2197 2234 aus
2234 2182 2359 2233 wel-

271 1644 316 1692 1.
385 1640 545 1705 quale
602 1643 760 1691 esset:
838 1635 1055 1703 wesen,
1130 1637 1227 1690 Be·

204 1705 554 1761 schaffenheit.
627 1707 805 1759 Cicero
840 1705 969 1759 liebt
1004 1721 1089 1770 es,
1133 1706 1227 1759 das

205 1775 395 1842 objekt
419 1774 799 1828 einesVerhum
825 1773 1079 1827 sentiendi
1104 1773 1228 1827 oder

205 1844 495 1897 declarandi
531 1843 691 1896 durch
726 1844 875 1896 einen
901 1842 1225 1909 abhfingigen

203 1912 323 1965 Satz
372 1928 438 1964 zu
481 1911 864 1973 umschreibem
913 1910 1225 1964 namentlich

201 1980 409 2034 werden
446 1995 507 2033 so
544 1980 720 2032 Subst.
757 1980 914 2032 abstr.
951 1978 1110 2032 durch
1147 1980 1226 2031 in·

201 2048 399 2101 direkte
452 2047 757 2114 Fregesfitze
814 2052 1020 2100 ersetzt.
1109 2046 1225 2115 vgl.

200 2120 281 2184 20,
317 2121 412 2171 47:
450 2118 610 2183 quale
648 2116 881 2182 quidque
913 2117 1002 2168 eit.

263 2186 441 2237 multo
465 2190 607 2250 ante,
644 2185 694 2241 d.
713 2185 762 2236 h.
788 2184 915 2235 uber
938 2184 1021 2236 ein
1046 2183 1227 2237 halbes

198 2253 565 2317 Jahrhundert,
600 2254 736 2305 denn
761 2252 911 2305 Plato
942 2252 1084 2304 starh
1109 2253 1227 2306 347.

264 2326 316 2376 2.
372 2340 405 2374 a
457 2323 708 2387 Platone,
773 2321 862 2373 der
908 2321 979 2372 im
1015 2319 1226 2373 Phidon

198 2408 247 2459 p.
272 2394 470 2458 92sqq.
507 2390 648 2442 diese
682 2388 900 2441 Ansicht
935 2387 1226 2454 widerlegt.

260 2460 594 2513 Xenocrates
627 2474 731 2510 von
764 2455 1072 2520 Chalcedon,
1108 2458 1224 2522 geb.

196 2531 318 2593 396,
354 2525 537 2580 Platos
571 2525 799 2589 Schiiler,
838 2524 1118 2577 ubernahm
1154 2524 1224 2576 im

198 2595 369 2651 J.339
402 2611 508 2647 von
541 2595 864 2663 Speusippus
899 2593 983 2646 die
1006 2593 1225 2661 Leitung

199 2665 290 2718 der
328 2663 611 2716 Akademie
654 2663 756 2715 und
791 2660 932 2714 stet-h
969 2662 1088 2715 314.

266 2736 318 2786 3.
368 2748 679 2794 numerum,
734 2730 928 2796 griech.
982 2730 1224 2800 ῥυθμόν,

202 2800 460 2871 ἀριθμὸν
495 2802 877 2865 αὐτοκίνητον.

259 2874 314 2923 4.
382 2870 743 2937 Pythagorae.
845 2864 964 2919 Von
1041 2864 1224 2919 Samos

198 2937 665 3003 gehfirtig,stiftete
684 2951 740 2988 er
757 2951 847 2987 ιιιι·
860 2932 1076 2986 Zeitdes
1094 2932 1224 2986 Tar·

266 3008 419 3057 inim
456 3005 726 3071 Superbus
760 3004 813 3055 in
848 3001 1047 3056 Kroton
1081 3002 1225 3055 scine

196 3022 750 3141 gilosophenschule.
819 3071 963 3124 Nach
1006 3070 1222 3123 Aristot.

195 3140 425 3210 Metaph.
458 3140 496 3194 1.
534 3143 565 3195 5
614 3145 804 3193 nannte
850 3155 905 3193 er
946 3139 1029 3191 die
1074 3137 1225 3192 Seele

199 3205 415 3263 τοιονδὶ
450 3217 570 3263 τῶν
605 3208 872 3279 ἀριθμῶν
906 3206 1111 3260 πάθω.

262 3283 314 3333 5.
387 3280 653 3344 triplicem
725 3278 895 3340 finxit
967 3278 1224 3330 animum.

198 3346 531 3399 Ausfdhrlich
589 3347 661 3397 im
713 3345 924 3398 'simius
982 3359 1035 3411 p.
1082 3346 1149 3397 44
1175 3343 1224 3396 d.

200 3430 344 3484 sqq.:
404 3418 451 3468 1.
497 3417 530 3466 ὁ
563 3422 714 3479 νοῦς,
760 3416 828 3465 τὸ
862 3411 1106 3483 λογικόν,
1159 3415 1225 3464 τὸ

200 3485 554 3553 ἡγεμονικόν,
606 3482 690 3535 die
725 3481 1009 3547 Vernunit,
1050 3484 1223 3542 raii03

200 3551 246 3603 2.
270 3554 303 3603 ό
324 3551 522 3619 θυμός,
541 3553 609 3602 τὸ
627 3550 888 3618 θυμικόν,
906 3550 1001 3602 das
1018 3548 1220 3614 Gemuit,

197 3623 314 3682 im3
349 3623 398 3674 3.
422 3623 455 3686 ἡ
482 3618 774 3686 ἐπιθυμία,
801 3616 865 3671 τὸ
888 3616 1219 3684 ἐπιθυμητι-

197 3692 314 3753 κόν,
348 3688 435 3741 die
468 3686 735 3754 Begierde,
770 3687 1059 3754 cupiditas.

259 3759 633 3822 principatum
656 3779 725 3801 ιι-
751 3757 1058 3822 principem
1086 3770 1218 3820 par-

195 3826 319 3889 tem,
353 3824 536 3877 andere
559 3825 637 3877 als
672 3827 704 3890 ξ
729 3828 805 3878 19.

1330 2251 1452 2303 cher
1498 2250 1661 2304 Stelle
1705 2250 2042 2317 hervorgeht,
2093 2249 2205 2302 dats
2249 2250 2362 2302 sich

1331 2319 1435 2370 Cic.
1472 2334 1598 2384 geru
1632 2319 1728 2370 mit
1762 2319 1867 2370 ihm
1905 2317 2218 2384 beschiiftigt
2253 2318 2358 2381 hat,

1331 2401 1442 2437 was
1476 2401 1571 2437 aus
1608 2387 1697 2438 der
1730 2387 1875 2437 melu·
1918 2384 2202 2453 popularen
2239 2384 2361 2437 Dar-

1331 2453 1559 2520 stellung
1593 2454 1685 2506 des
1708 2451 1960 2504 Dikiisrch
1985 2451 2144 2503 leicht
2167 2451 2361 2503 erkliir-

1329 2521 1434 2574 lich
1471 2522 1554 2575 ist.
1614 2521 1715 2573 Das
1740 2520 1879 2572 Part.
1904 2521 2151 2572 habitum
2174 2519 2356 2571 ziehen

1329 2590 1426 2642 wir
1471 2589 1524 2643 in
1568 2590 1667 2642 deu
1713 2587 2158 2656 fibergeordneten
2206 2587 2356 2640 Satz:

1330 2658 1448 2711 dem
1505 2674 1569 2711 zu
1623 2657 1840 2709 Korinth
1897 2655 2207 2723 gehaltenen
2258 2656 2358 2709 Ge·

1328 2742 1354 2778 s
1392 2726 1531 2779 rich.
1566 2754 1633 2765 —
1657 2727 1937 2778 doctorum
1962 2726 2236 2777 hominum
2262 2764 2276 2778 .
2303 2762 2318 2777 .
2343 2762 2358 2778 .

1325 2743 1470 2856 [gott
1512 2796 1583 2847 ist
1624 2794 1823 2861 logisch
1869 2794 1984 2846 dem
2028 2793 2155 2860 solg.
2203 2793 2358 2846 Satze

1326 2863 1696 2925 subordiniert3
1742 2863 1970 2925 duobus,
2004 2876 2076 2914 sc.
2110 2861 2356 2927 reliquis.

1401 2936 1483 2987 11.
1513 2935 1894 2996 Pherecraten,
1937 2930 2097 2998 vgl.§
2125 2933 2216 2984 1οε
2252 2930 2360 2981 De-

1323 3003 1649 3053 mosthenen.

1400 3072 1479 3122 13.
1514 3067 1729 3129 frustra
1757 3093 1822 3113 ι-
1849 3070 1968 3119 η’πο
2011 3082 2204 3129 causa3
2249 3068 2357 3134 vgl.

1327 3137 1390 3188 de
1412 3136 1503 3189 fin.
1527 3136 1585 3189 11.
1610 3139 1690 3201 12,
1709 3138 1798 3189 36:
1825 3136 1890 3186 In
1914 3152 2019 3202 quo
2041 3134 2254 3197 frustra
2272 3138 2361 3187 iu-

1327 3207 1473 3257 dices
1504 3205 1693 3270 solent,
1729 3219 1850 3256 cum
1882 3207 2203 3255 sententiam
2224 3219 2355 3268 pro-

1325 3277 1613 3339 nuntiant,
1659 3273 1858 3324 addere
1902 3271 1970 3325 SI
2015 3270 2187 3335 QUID
2220 3271 2362 3322 ME!

1324 3342 1585 3397 JUDIGII
1612 3341 1766 3394 EST.

1395 3409 1658 3463 animalia
1693 3414 1746 3460 et
1780 3408 2088 3459 animantis.
2158 3404 2214 3457 ln
2250 3405 2359 3459 die-

1326 3495 1435 3532 sem
1461 3479 1747 3544 Gegensatz
1768 3477 1838 3528 ist
1862 3480 2082 3529 ersten-es
2105 3476 2195 3540 (-=
2221 3476 2360 3542 ζῶα)

1325 3564 1429 3599 von
1456 3546 1734 3599 Menschen
1758 3543 1863 3597 und
1886 3542 2088 3603 Tieren,
2113 3543 2356 3596 letzteres

1323 3619 1413 3680 (=
1437 3616 1674 3683 ἔμψυχα)
1717 3614 1849 3665 auch
1883 3628 1987 3665 von
2014 3611 2252 3663 Pssanzen
2288 3627 2356 3664 ιιι

1322 3685 1623 3743 verstehem
1647 3688 1809 3734 etwa:
1828 3679 2045 3734 lebende
2064 3679 2357 3746 Geschopfc

1322 3782 1389 3792 —
1426 3750 1633 3804 helebtc
1673 3749 1878 3802 Wesen.

1393 3824 1475 3874 14.
1511 3834 1681 3885 neque
1715 3820 1955 3870 animum
1998 3814 2082 3865 vel
2113 3816 2355 3865 animam

2406 939 2463 988 21
