2834 4317
308 1683 367 1731 45

396 136 476 194 56
1159 133 1347 185 LmER
1382 133 1416 185 ι.
1459 136 1539 200 19,
1574 136 1794 189 43—45.

397 318 457 372 et
485 308 780 370 levitatem
828 315 887 368 et
930 307 1188 368 calorem
1248 307 1496 386 adeptus
1553 313 1854 387 tamquam
1908 305 2152 387 paribus
2197 306 2567 369 examinatus

399 393 768 475 ponderibus
814 392 1037 454 nullam
1081 392 1142 453 in
1187 399 1417 473 partem
1461 400 1762 467 movetur,
1820 410 2007 472 eaque
2067 391 2119 452 ei
2166 392 2407 453 demum
2455 412 2565 453 na-

398 479 602 541 turalis
633 486 722 540 est
751 478 940 552 sedeS,
987 496 1122 539 cum
1168 479 1237 539 ad
1270 477 1361 538 sui
1405 477 1600 539 simile
1631 479 1981 558 penetravit,
2028 478 2089 537 in
2137 495 2257 555 quo
2304 478 2465 539 nulla
2499 498 2565 541 re

401 584 585 645 egens
627 564 819 626 aletur
862 572 922 624 et
964 562 1397 626 sustentabitur
1428 563 1616 625 isdem
1647 562 1846 639 rebus,
1891 562 2110 642 quibus
2141 571 2296 623 astra
2326 572 2567 625 susten—

399 658 602 713 tantur
634 658 694 712 et
723 650 982 711 aluntur.
2622 660 2657 708 5

570 735 836 814 Cumque
897 732 1167 814 corporis
1226 731 1456 793 facibus
1500 732 1854 793 inflammari
1910 732 2203 794 soleamus
2247 732 2320 794 ad
2367 735 2563 795 omnis

400 823 523 882 fere
554 820 904 899 cupiditates
935 837 1126 899 eoque
1171 818 1356 898 magis
1400 818 1663 892 incendi,
1712 818 1867 898 quod
1915 818 1984 879 iis
2028 817 2412 893 aemulemur,
2460 822 2562 898 qui

401 925 465 967 ea
497 904 773 980 habeant,
821 924 973 985 quae
1019 923 1132 965 nos
1162 902 1382 964 habere
1431 904 1756 983 cupiamus,
1801 904 2071 983 profecto
2118 901 2275 964 beati
2320 904 2563 978 erimus,

402 1010 538 1053 cum
570 989 927 1071 corporibus
971 989 1190 1051 relictis
1235 998 1293 1049 et
1323 989 1710 1070 cupiditatum
1757 997 1817 1049 et
1845 987 2308 1050 aemulationum
2340 989 2565 1052 erimus

403 1095 434 1136 e
520 1085 709 1151 ertes;
755 1077 1034 1156 quodque
1081 1094 1245 1136 nunc
1291 1075 1559 1148 facimuS,
1605 1093 1741 1136 cum
1787 1073 1960 1135 laxati
2004 1074 2164 1135 curis
2208 1092 2444 1149 sumus,
2497 1084 2569 1136 ut
2620 1087 2693 1136 10

403 1181 546 1242 spec
641 1180 673 1222 e
720 1162 939 1241 aliquid
979 1159 1230 1222 velimus
1261 1167 1319 1221 et
1347 1159 1558 1233 visere,
1604 1159 1662 1220 id
1706 1159 1894 1220 multo
1933 1166 2060 1219 tum
2105 1158 2386 1221 faciemus
2414 1160 2569 1221 libe-

404 1245 526 1308 rius
569 1254 848 1326 totosque
893 1266 1004 1308 nos
1050 1245 1112 1306 in
1159 1245 1635 1324 contemplandis
1665 1244 1846 1306 rebus
1877 1244 2422 1323 perspiciendisque
2453 1264 2568 1325 po-

403 1351 634 1403 nemuS,
669 1341 982 1412 propterea
1033 1331 1190 1410 quod
1237 1338 1296 1391 et
1344 1338 1551 1392 natura
1595 1330 1753 1391 inest
1796 1331 1857 1391 in
1892 1329 2191 1391 mentibus
2221 1330 2441 1391 nostris
2471 1330 2569 1391 in-

403 1416 684 1479 satiabilis
729 1418 1015 1497 quaedam
1061 1416 1352 1496 cupiditas
1397 1416 1518 1478 veri
1548 1415 1784 1477 videndi
1817 1425 1877 1477 et
1920 1433 2059 1476 orae
2103 1415 2266 1494 ipsae
2294 1415 2568 1477 locorum

405 1503 662 1572 illorum,
711 1520 830 1581 quo
875 1502 1342 1581 pervenerimus,
1403 1520 1522 1581 quo
1569 1501 1889 1562 faciliorem
1937 1499 2111 1561 nobis
2165 1500 2569 1579 cognitionem
2628 1512 2702 1562 15

405 1606 605 1648 rerum
639 1586 998 1659 caelestium,
1034 1605 1115 1663 'eo
1147 1586 1430 1646 maiorem
1463 1585 1866 1664 cognoscendi
1901 1584 2277 1665 cupiditatem
2325 1586 2571 1647 dabunt.

413 1673 574 1733 Haec
606 1672 767 1732 enim
799 1670 1180 1751 pulchritudo
1213 1672 1388 1731 etiam
1419 1671 1481 1731 in
1513 1671 1689 1731 terris
1722 1675 2005 1749 patritam
2037 1671 2194 1731 illam
2240 1681 2294 1732 et
2332 1675 2572 1742 avitam,

406 1842 519 1889 sius
579 1854 741 1903 quam
791 1840 1026 1903 spatium
1079 1836 1442 1898 confirmandi
1587 1840 1660 1916 ,7.
1732 1839 2077 1890 aemulemur.
2150 1837 2269 1904 Vgl.
2305 1836 2388 1890 IV.
2415 1840 2463 1902 8,
2493 1841 2576 1890 17.

406 1923 517 1957 sese
540 1907 781 1957 Antonio
818 1906 946 1956 dari
955 1924 969 1966 3
1005 1905 1070 1957 de
1105 1919 1178 1956 or.
1196 1903 1253 1956 ΙΙ.
1281 1906 1331 1968 4,
1360 1908 1439 1958 16.
1542 1903 1661 1956 Dies
1687 1903 1910 1985 Verbum
1937 1906 2065 1957 wird
2090 1921 2192 1957 von
2218 1907 2321 1959 Cic.
2360 1921 2454 1957 nur
2489 1906 2579 1957 bei

479 1979 526 2027 1.
599 1974 841 2040 adeptus,
875 1973 982 2040 vgl.
1021 1989 1082 2024 zu
1122 1975 1204 2037 29,
1231 1976 1321 2025 712
1367 1978 1440 2023 te·
1542 1972 1904 2092 {ersfinllchen
1927 1972 2184 2038 Objekten
2209 1975 2302 2025 mit
2327 1973 2441 2025 dem
2461 1972 2579 2026 Dat.

410 2059 557 2094 nens.
1580 2041 1858 2092 onstruiert
1875 2041 1981 2092 und
2007 2041 2096 2093 hat
2121 2041 2256 2093 dann
2275 2042 2357 2093 die
2377 2041 2579 2094 Beden-

477 2112 704 2177 paribus
739 2112 1083 2160 eaeaminatus
1108 2109 1442 2174 ponderibus

410 2181 482 2230 im
519 2177 927 2243 Gleichgewicht
961 2176 1301 2241 schwebend,
1338 2177 1440 2243 εἰς.

327 2271 339 2281 ·
413 2247 505 2298 mit
541 2247 687 2310 (ihm)
734 2245 968 2311 gleichen
1007 2244 1306 2296 Gewichten
1355 2260 1443 2311 ge-

412 2329 619 2381 wogen‚
655 2314 778 2366 weil
801 2330 856 2366 er
879 2315 932 2365 in
957 2314 1124 2366 einem
1152 2311 1314 2365 Stofl'e
1337 2329 1442 2365 von

413 2383 711 2436 demselben
773 2381 1116 2450 specifischen
1174 2381 1443 2434 Gewichte

412 2453 722 2505 schwimmt.

481 2523 529 2573 2.
601 2520 674 2571 Zu
727 2519 818 2571 der
871 2517 1120 2569 Parataxe
1175 2534 1341 2583 eaque
1393 2520 1446 2567 ei

413 2589 623 2640 demum
672 2588 779 2653 vgl.
813 2587 947 2638 oben
984 2588 1016 2651 ξ
1044 2589 1135 2640 24:
1173 2590 1288 2637 eius
1323 2602 1446 2636 eum

415 2658 609 2707 librum
645 2656 750 2707 und
785 2672 849 2706 zu
876 2657 907 2720 ξ
934 2657 1018 2708 36.
1079 2643 1214 2707 Uber
1248 2657 1338 2705 sui
1369 2656 1444 2705 si-

414 2725 538 2774 mile
575 2737 616 2773 s,
654 2738 718 2773 zu
756 2726 836 2786 15,
863 2726 946 2775 34.

484 2793 532 2843 4.
604 2791 799 2841 aletur.
870 2789 988 2855 Vgl.
1025 2805 1141 2841 zum
1177 2789 1343 2842 lnhalt
1379 2790 1444 2842 de

416 2858 554 2911 deor.
593 2873 641 2908 n.
678 2855 735 2908 ΙΙ.
761 2859 844 2921 46,
874 2859 989 2909 118.

485 2929 534 2979 6.
573 2928 817 2991 corporis
850 2924 1062 2987 facibus
1096 2950 1164 2971 ==
1199 2928 1447 2991 corporis

414 2997 795 3058 incitamentis,
828 2992 1052 3045 insofern
1089 2991 1193 3053 fax
1218 2993 1270 3044 in
1297 2994 1445 3045 iiber·

415 3067 681 3128 tragenem
736 3061 894 3114 Sinne
941 3060 1092 3125 Jedes
1135 3060 1304 3113 Mittel
1359 3063 1449 3114 be-

417 3129 685 3195 zeichnet‚
729 3129 888 3181 durch
939 3129 1164 3182 welches
1212 3130 1326 3181 eine
1361 3130 1450 3181 Er-

416 3214 616 3266 regung
660 3197 784 3251 oder
828 3198 1121 3265 Anreizung
1173 3197 1449 3265 hei-vorge-

416 3269 564 3321 rufen
611 3266 758 3319 wird.
838 3264 989 3317 Diese
1033 3265 1337 3333 Bedeutung
1383 3268 1453 3318 ist

418 3336 549 3388 auch
585 3336 649 3388 da
685 3334 1056 3401 anzunehmen‚
1092 3349 1176 3385 wo
1213 3349 1315 3385 von
1352 3334 1452 3386 den

417 3404 566 3466 faces
610 3403 700 3456 des
749 3402 1049 3455 Schmerzes
1103 3401 1227 3455 oder
1261 3401 1452 3455 Hasses

420 3473 502 3524 die
526 3470 667 3523 Rede
703 3471 789 3536 ist,
825 3486 976 3523 wenn
1015 3470 1144 3522 auch
1179 3469 1230 3520 in
1256 3469 1450 3522 diesem

417 3539 559 3591 Falle
609 3538 701 3590 das
739 3538 886 3591 Wort
930 3538 1088 3592 durch
1120 3533 1286 3590 ‘Glut'
1328 3537 1453 3589 oder

417 3602 637 3660 ‘Stiche'
703 3607 966 3658 iibersetzt
1027 3605 1234 3658 werden
1295 3605 1451 3659 kann.

418 3675 537 3741 Vgl.
574 3674 632 3729 11.
672 3677 754 3739 25,
792 3676 884 3735 61;
922 3674 983 3727 V.
1022 3677 1103 3739 27,
1141 3676 1232 3736 763
1267 3690 1317 3742 p.
1344 3674 1450 3727 Mil.

423 3746 507 3807 35,
531 3745 625 3797 98:
666 3759 785 3794 cum
822 3759 1002 3794 omnes
1038 3759 1071 3793 a
1104 3746 1235 3794 meis
1268 3745 1451 3794 inimi-

422 3817 498 3863 cis
507 3811 656 3876 faces
673 3812 914 3863 invidiae
931 3827 1080 3863 meae
1095 3814 1452 3865 subiciantur.

1545 2114 1697 2174 tung:
1758 2109 2204 2160 leidenschattlich
2260 2110 2580 2173 nacheifern,

1543 2176 1650 2243 vgl.
1681 2174 1762 2229 lV.
1792 2178 1876 2240 26,
1902 2179 1983 2229 56.
2054 2175 2150 2227 Mit
2184 2175 2301 2227 dem
2325 2177 2448 2231 Acc.
2487 2178 2584 2230 der

1546 2244 1710 2297 Sache
1747 2245 1886 2296 steht
1922 2260 1978 2296 es
2006 2261 2057 2311 p.
2083 2244 2249 2295 Flacc.
2277 2246 2359 2307 26,
2386 2247 2478 2297 63:
2516 2252 2586 2297 ut

1545 2329 1726 2365 omnes
1760 2316 1877 2364 eim
1920 2315 2173 2363 instituta
2220 2314 2447 2363 laudare
2489 2312 2584 2375 Γα-

1547 2382 1707 2433 cilius
1739 2385 1948 2447 possint
1984 2396 2146 2446 quam
2181 2382 2461 2434 aemulari.

1620 2452 1702 2503 11.
1734 2452 1932 2513 visere,
1982 2448 2075 2501 das
2112 2449 2423 2501 intensivum
2472 2465 2578 2501 von

1545 2519 1755 2578 videre3
1800 2518 1907 2583 vgl.
1946 2517 1995 2569 d.
2021 2519 2144 2583 imp.
2171 2517 2258 2569 Cn.
2286 2518 2464 2584 Pomp.
2491 2520 2580 2582 21,

1547 2589 1638 2639 61:
1664 2602 1774 2637 non
1796 2585 1954 2636 modo
1979 2586 2119 2637 vidit
2133 2586 2229 2637 sed
2245 2590 2406 2636 etiam
2430 2591 2583 2637 omni

1546 2655 1727 2705 studio
1750 2655 2024 2705 visendam
2055 2657 2298 2720 putavit;
2338 2658 2494 2706 unten
2516 2653 2581 2705 11.
2687 2682 2698 2692 ·

1548 2724 1631 2785 25,
1665 2724 1756 2782 61;
1797 2721 1857 2776 V.
1896 2726 1943 2787 3,
1981 2725 2027 2774 9.
2063 2751 2132 2761 --
2167 2738 2431 2789 ponemus
2466 2737 2583 2773 ver·
2639 2766 2652 2775 .

1546 2789 1759 2842 senken.

1622 2861 1705 2911 13.
1742 2858 2070 2908 insatiabilis
2095 2857 2373 2923 quaedam,
2406 2857 2503 2909 wie
2526 2860 2583 2922 4,

1552 2929 1641 2978 15:
1697 2925 1975 2989 infinitum
2027 2926 2311 2991 quoddam.
2382 2924 2451 2975 So
2500 2939 2581 2975 er-

1549 2994 1742 3046 kannte
1789 2993 1918 3045 auch
1966 2992 2119 3045 Philo
2175 2994 2258 3045 ein
2303 2992 2583 3045 Bedfirfnis

1553 3062 1644 3114 des
1669 3060 1946 3114 Menschen
1980 3062 2110 3113 nach
2136 3060 2338 3114 Wissen
2364 3060 2465 3113 und
2494 3060 2584 3111 Er-

1552 3129 1797 3182 kenntnis
1822 3145 1904 3193 an,
1943 3130 2118 3182 stellte
2140 3130 2265 3181 aber
2302 3129 2415 3182 eine
2450 3129 2585 3181 voll-

1554 3198 1827 3250 kommene
1853 3197 2218 3265 Betriedigung
2253 3213 2349 3249 nur
2383 3197 2463 3248 fiir
2496 3198 2581 3249 ein

1556 3267 1773 3319 anderes
1808 3265 1993 3318 Dasein
2030 3267 2082 3318 in
2118 3266 2376 3318 Aussicht.

1628 3338 1708 3387 14.
1745 3351 1874 3386 orae
1907 3338 2057 3400 ipsae
2088 3336 2329 3385 locorum
2361 3332 2585 3384 illorum

1550 3404 1675 3467 Jene
1711 3402 2001 3455 entiernten
2037 3402 2230 3455 Raume
2267 3402 2454 3454 selbst:
2491 3400 2586 3453 der

1554 3469 1690 3523 Plur.
1730 3488 1860 3522 orae
1894 3470 2138 3522 bedentet
2163 3471 2264 3521 wie
2297 3469 2431 3533 fines
2466 3469 2585 3522 eine

1554 3538 1763 3604 Gegend
1798 3539 2115 3605 uberhaupt,
2164 3538 2287 3590 aber
2323 3541 2451 3590 stete
2486 3538 2585 3590 mit

1556 3606 1671 3658 dem
1709 3606 2080 3673 Nebenbegriff
2109 3606 2199 3659 der
2234 3606 2581 3670 Entl'ernung;

1556 3691 1660 3740 quo
1684 3704 1754 3713 —
1777 3692 1838 3726 eo
1873 3675 1968 3726 mit
1992 3675 2108 3726 dem
2134 3674 2490 3741 Komparativ:
2528 3675 2584 3724 in

1556 3743 1855 3796 demselben
1892 3743 2055 3796 Masse
2092 3744 2191 3795 wie
2229 3772 2311 3806 —,
2349 3758 2407 3794 so
2433 3742 2583 3796 auch.

1628 3815 1706 3866 17.
1745 3812 1885 3863 Haec
1909 3812 2264 3879 pulchritudo
2299 3836 2365 3857 ==
2389 3812 2586 3862 harum
