2834 4317
1062 112 1251 165 menn
1285 112 1370 190 iv,
1393 67 1659 180 ⁰7,15.'16.

2342 113 2423 173 68

275 285 537 358 vitiosae,
569 284 670 346 sed
701 285 873 346 etiam
900 304 1076 364 quam
1100 286 1160 346 in
1194 293 1394 346 nostra
1426 285 1547 346 sint
1575 293 1882 365 potestate.
1928 286 2035 347 Est
2063 305 2205 366 ergo
2236 292 2427 367 aem-i-

275 369 413 432 tudo
460 369 664 450 opinio
708 388 921 432 recens
965 371 1098 432 mali
1140 370 1496 450 praesentis,
1539 371 1599 430 in
1634 389 1752 450 quo
1783 370 2005 432 demitti
2037 372 2425 451 contrahique

286 455 484 516 animo
509 464 737 516 rectum
773 474 901 517 esse
929 455 1212 530 videatur,
1242 455 1463 517 laetitia
1491 455 1695 535 opinio
1727 473 1937 518 recens
1967 456 2111 517 boni
2141 475 2424 536 praesen-

285 541 394 614 tis,
439 540 501 600 in
535 559 655 620 quo
701 540 896 602 efferri
938 551 1165 602 rectum
1207 559 1336 601 esse
1378 540 1673 613 videatur,
1722 545 1906 602 metus
1946 542 2146 621 opinio
2193 542 2424 622 impen-

196 638 227 686 5
277 625 472 686 dentis
502 625 668 700 mali,
711 626 870 704 quod
914 625 1284 699 intolerabile
1328 643 1457 686 esse
1489 625 1782 699 videatur,
1824 626 2014 687 lubido
2046 626 2250 706 opinio
2278 646 2424 688 ven-

277 709 395 772 turi
439 709 613 781 honi,
659 712 817 789 quod
848 711 924 772 sit
953 730 1025 772 ex
1053 730 1164 773 usu
1203 710 1320 770 iam
1349 728 1633 790 praesens
1663 729 1793 773 esse
1823 719 1997 790 atque
2028 713 2249 773 adesse.
2307 712 2424 775 Sed

279 813 429 875 quae
459 794 671 856 iudicia
704 813 967 875 quasque
996 796 1310 875 opiniones
1338 795 1852 874 perturbationum
1882 815 2010 857 esse
2040 795 2175 868 dixi,
2208 816 2330 858 non
2362 799 2423 861 in

283 880 368 941 eis
409 880 889 960 perturbationes
932 881 1122 943 solum
1168 880 1390 961 positas
1436 899 1564 942 esse
1611 880 1837 955 dicunt,
1868 899 2067 942 verum
2099 881 2197 942 illa
2228 882 2423 955 etiam,

287 983 440 1045 quae
483 965 824 1027 efficiuntur
867 964 1448 1046 perturbationibuS,
1490 974 1559 1026 ut
1603 965 1906 1044 aegritudo
1951 966 2118 1045 quasi
2163 984 2424 1028 morsum

188 1059 252 1112 10
298 1050 553 1129 aliquem
599 1050 817 1111 doloris
859 1051 1103 1123 efficiat,
1144 1059 1336 1112 metus
1376 1068 1677 1111 recessum
1709 1050 2004 1129 quendam
2033 1051 2213 1112 animi
2244 1061 2304 1113 et
2333 1053 2426 1113 fu·

2466 719 2528 770 15

278 1153 447 1215 gam,
491 1135 704 1196 laetitia
748 1136 1050 1215 profusam
1100 1136 1477 1210 hilaritatem,
1521 1133 1724 1196 lubido
1756 1136 2098 1196 effrenatam
2130 1144 2421 1216 appeten-
2493 1208 2501 1216 ⁴

281 1220 445 1283 tiam.
479 1219 884 1303 opinationem
908 1231 1122 1295 autem,
1155 1239 1331 1300 quam
1360 1220 1422 1281 in
1457 1221 1651 1281 omnis
1679 1218 2058 1282 definitiones
2086 1221 2424 1300 superiores

280 1298 666 1380 inclusimus,
713 1306 920 1367 volunt
962 1325 1091 1371 esse
1135 1305 1485 1367 imbecillam
1532 1305 1965 1366 adsensionem.
2034 1304 2148 1366 Sed
2179 1306 2427 1386 singulis

276 1389 839 1470 ,perturbationibus
878 1401 1077 1471 partes
1117 1391 1378 1453 eiusdem
1418 1392 1656 1470 generis
1684 1390 1885 1469 plures
1914 1390 2317 1465 subiciuntur,
2361 1400 2426 1452 ut

166 1485 235 1561 15
281 1475 645 1554 aegritudini
671 1475 988 1537 invidentia
1021 1511 1102 1520 —
1132 1476 1419 1538 utendum
1453 1482 1542 1536 est
1570 1475 1728 1536 enim
1758 1475 2011 1537 docendi
2041 1493 2216 1537 causa
2244 1476 2425 1537 verbo

283 1560 484 1622 minus
514 1560 749 1636 usitato,
779 1563 1058 1641 quoniam
1090 1561 1306 1623 invidia
1336 1579 1460 1624 non
1491 1559 1553 1621 in
1586 1579 1679 1634 eo,
1712 1560 1813 1639 qui
1843 1560 2081 1635 invidet,
2112 1563 2305 1623 solum
2333 1561 2422 1623 di-

352 1748 396 1797 1.
434 1745 532 1795 Est
567 1760 696 1810 ergo
731 1747 1034 1811 aegritudo,
1070 1762 1110 1798 s.
1147 1761 1210 1798 zu
1230 1745 1305 1797 111.

287 1814 369 1878 11,
388 1814 480 1864 25:
505 1818 689 1863 metus.
738 1810 856 1867 Dass
881 1814 1040 1867 schon
1067 1812 1150 1867 die
1174 1814 1306 1881 grie-

283 1879 526 1932 chischen
562 1879 794 1945 Quellen,
829 1897 921 1934 aus
947 1881 1179 1933 welchen
1203 1882 1305 1934 Cic.

282 1947 558 2015 geschopst
592 1948 696 2014 hat,
731 1948 814 2002 die
840 1953 1179 2016 perturbatio
1215 1967 1307 2002 un·

280 2016 540 2069 mittelbar
563 2016 639 2068 als
665 2017 779 2069 eine
801 2020 983 2084 opinio
1008 2017 1307 2069 bezeichne-

281 2090 387 2148 ten‚
423 2083 552 2136 wird
577 2099 667 2136 aus
689 2083 914 2141 Andron.
943 2085 1104 2137 Rbod.
1131 2102 1180 2152 p.
1208 2088 1305 2140 523

280 2151 734 2204 wabrscbeinlich:
760 2151 955 2219 λύπη,
981 2149 1115 2214 δόξα
1140 2151 1307 2222 πρόσ-

282 2235 466 2301 φατοςἵ
505 2222 725 2285 (recens)
775 2223 941 2274 κακοῦ
995 2226 1306 2286 παρουσίας,

283 2281 380 2357 ἐφ’
419 2307 465 2352 φ
506 2286 716 2339 οἴονται
756 2284 870 2341 δεῖν
908 2286 1309 2341 συστέλλεσθαι

280 2357 594 2421 (contr-alze)-
629 2353 860 2422 ἡδονή,
892 2354 1026 2419 δόξα
1061 2354 1309 2450 πςόσφα-

277 2448 372 2485 τος
396 2429 428 2483 ἆ
467 2431 613 2483 acto&
635 2438 950 2503 παρουσίας,
981 2436 1009 2484 ἐ
1053 2429 1070 2451 ²
1099 2454 1146 2499 ῳ
1170 2433 1305 2485 οἴον-

278 2519 376 2552 ται
437 2503 519 2551 εἶν
553 2501 900 2553 ἐκτείνεσθαι
935 2454 1171 2566 (efferri).
1233 2502 1304 2555 Zu

277 2584 464 2620 recens
495 2568 600 2633 vgl.
645 2568 720 2621 111.
762 2573 850 2635 11,
897 2573 960 2623 25
997 2587 1047 2623 u.
1088 2574 1182 2636 31,
1218 2574 1303 2632 753

279 2651 347 2688 zu
381 2640 586 2687 rectum
618 2635 694 2690 111.
734 2639 814 2699 27,
850 2640 933 2691 64.

355 2705 403 2756 6.
440 2704 585 2770 quod
614 2707 690 2755 sit
719 2722 790 2756 ex
828 2722 931 2757 usu
963 2732 1032 2751 =
1067 2724 1116 2773 q.
1151 2722 1312 2772 eoepe-

284 2771 432 2835 diat,·
474 2789 728 2838 praesens
771 2791 880 2824 esse
913 2778 1077 2840 atque
1111 2775 1310 2836 adesse,

283 2855 376 2892 zur
445 2839 961 2894 nachdrficklicberen
1030 2841 1312 2895 Hervorhe-

281 2908 426 2974 bung
474 2907 561 2960 der
596 2907 784 2961 Sache:
830 2901 1185 2962 ‘unmittelbar
1226 2924 1315 2976 ge-

285 2977 571 3042 genwfirtig
608 2973 753 3029 sein’.

356 3042 464 3096 Sed
495 3060 631 3110 quae
664 3046 871 3096 iudicia
917 3050 1013 3098 cet.
1061 3044 1162 3098 Cic.
1201 3045 1307 3097 will

283 3110 398 3163 bier
432 3112 523 3163 auf
553 3111 649 3164 den
681 3112 1015 3165 Unterschied
1050 3113 1308 3166 zwiscben

286 3179 378 3233 der
405 3178 622 3232 Ansicht
657 3181 937 3249 Chrysipps
980 3180 1084 3233 und
1118 3180 1207 3233 der
1237 3182 1310 3234 al-

286 3253 432 3301 teren
479 3247 684 3301 Stoiker
725 3248 1035 3314 hinweisen‚
1082 3249 1306 3301 insosern

285 3314 429 3367 diese
463 3310 544 3367 die
571 3319 917 3383 perturbatio
940 3333 1045 3368 von
1080 3317 1170 3370 der
1194 3321 1307 3385 opi-

284 3384 379 3435 nio
400 3383 789 3437 unterscbieden
810 3383 913 3437 und
933 3385 1010 3437 als
1030 3384 1128 3437 den
1147 3385 1306 3438 durch

284 3451 362 3503 sie
395 3450 854 3518 b‘ervorgerufenen
876 3452 1305 3506 Gemiitszustand

284 3517 915 3587 (Niedergeschlagenheit
937 3518 1168 3587 συστολὴ
1202 3522 1306 3574 und

281 3587 548 3655 Erregung
609 3591 854 3661 ἔπαρσις)
923 3590 1304 3654 bezeichneten‚

285 3655 533 3721 wahrend
579 3657 729 3722 jener
781 3657 865 3710 die
917 3661 1098 3724 opinio
1143 3658 1305 3710 selbst

285 3723 449 3777 echon
484 3723 567 3776 ffir
603 3724 684 3777 die
712 3723 1069 3790 Leidenscbal't
1102 3726 1304 3778 ansiebt

281 3791 391 3846 und
451 3793 606 3845 somit
662 3792 746 3845 die
798 3791 1148 3860 Aufserungen
1213 3793 1303 3846 der

1407 1745 1653 1797 letzteren
1702 1760 1807 1796 von
1852 1744 1932 1796 ihr
1983 1743 2206 1798 sondert.
2286 1745 2426 1797 Aber

1410 1812 1513 1864 Cic.
1550 1812 1619 1864 ist
1642 1812 1825 1864 unklar
1856 1811 1959 1865 und
1983 1813 2259 1865 vermiscbt
2283 1812 2424 1866 diese

1406 1879 1594 1933 beiden
1630 1879 1908 1933 Ansichten
1944 1880 2038 1932 mit
2074 1881 2329 1933 einander.

1478 1950 1525 2001 8.
1560 1949 1759 2011 solum,
1797 1964 1837 2001 S.
1874 1964 1936 2001 zu
1970 1948 2006 2000 1.
2045 1951 2127 2014 27,
2177 1952 2268 2003 66:
2311 1950 2427 2001 sola

1409 2017 1611 2068 divina.
2053 2016 2060 2023 ’

1483 2087 1561 2137 10.
1613 2099 1875 2135 recessum
1920 2113 1983 2122 —
2028 2089 2080 2135 et
2121 2082 2313 2149 fugam
2358 2110 2427 2130 =

1409 2155 1831 2203 contractionem
1892 2157 2061 2203 animi
2080 2189 2095 2217 ‚
2157 2148 2425 2217 συστολὴν

1409 2221 1503 2284 τῆς
1532 2234 1607 2286 apo
1645 2220 1714 2282 ἧς·

1481 2298 1562 2349 12.
1591 2240 1660 2346 ἦ)

1410 2362 1657 2429 gebildet‚
1700 2363 1882 2416 drflckt
1917 2365 2094 2417 besser
2128 2366 2204 2418 als
2242 2371 2422 2433 opinio

1410 2431 1494 2483 die
1520 2431 1683 2483 blofse
1718 2435 1861 2484 actio
1886 2435 2149 2499 opinandi
2172 2426 2281 2486 ‘die
2306 2436 2425 2487 sub-

1403 2498 1607 2620 jektivg
1648 2493 2004 2568 Vorstellung'
2050 2514 2257 2561 aus;·S.
2293 2503 2424 2555 auch

1483 2638 1561 2688 13.
1598 2635 1916 2687 imbecillam
1949 2636 2207 2702 (haltlose)
2240 2639 2426 2690 adsen-

1405 2706 1627 2776 sionem,
1651 2703 1931 2769 griechiscb
1961 2697 2199 2769 ἀσθενὴς
2231 2723 2425 2778 συγκα-

1407 2770 1653 2823 τάθεσις.
1707 2771 1822 2837 Vgl.
1858 2771 2013 2825 Acad.
2037 2772 2072 2826 1.
2103 2778 2184 2836 11,
2209 2777 2299 2828 42:
2323 2777 2427 2827 Er-

1410 2856 1589 2890 rorem
1642 2845 1817 2891 autem
1871 2845 1924 2891 et
1974 2845 2323 2895 temeritatem
2374 2848 2429 2894 et

1412 2911 1781 2973 ignorantiam
1846 2913 1899 2959 et
1949 2913 2427 2975 opinationem

1414 2981 1470 3026 et
1524 2980 1879 3042 suspicionem
1935 2982 1988 3027 et
2044 2994 2153 3029 uno
2211 2984 2427 3031 nomine

1413 3051 1609 3109 omnia,
1646 3060 1782 3111 quae
1810 3050 1981 3096 essent
2016 3040 2255 3098 aliena
2286 3047 2427 3109 fir·

1409 3128 1546 3163 mae
1582 3117 1644 3163 et
1668 3117 2043 3164 constantis
2078 3115 2427 3167 adsensio-

1409 3183 1521 3231 nis
1554 3180 1623 3241 (d.
1660 3180 1693 3232 i.
1741 3177 2139 3250 συγκατάθεσις
2183 3177 2428 3251 ἀσφαλὴς

1408 3250 1501 3298 καὶ
1542 3244 1931 3315 ἀμετάπτωτος
1976 3250 2099 3301 oder
2140 3247 2427 3317 ἐπιστήμη)

1407 3334 1442 3367 a
1462 3319 1662 3368 virtute
1680 3320 2048 3383 sapientiaque
2066 3318 2242 3384 (Zeno)
2258 3334 2428 3369 remo-

1407 3387 1577 3436 vebat.
2185 3423 2189 3428 -

1480 3456 1561 3506 15.
1583 3454 1881 3504 invidentia
1902 3443 2297 3516 ‘Scheelsucht',
2332 3454 2428 3506 mit

1408 3519 1676 3574 derselben
1711 3519 2037 3587 Bemerkung
2070 3521 2232 3573 echon
2263 3521 2338 3572 111.
2377 3524 2426 3585 9,

1480 3660 1558 3712 16.
1595 3660 1655 3708 in
1689 3674 1750 3708 eo
1798 3686 1860 3694 -
1900 3657 2117 3709 dicitur.
2188 3655 2304 3723 Vgl.
2350 3656 2426 3713 111.

1409 3728 1491 3790 26,
1511 3727 1603 3777 62:
1641 3728 1698 3775 in
1736 3741 1840 3790 quo
1874 3722 2109 3785 facetum
2141 3724 2282 3777 illud
2303 3725 2428 3777 Bio-

1405 3795 1493 3843 nis
1533 3796 1624 3858 (sc.
1662 3795 1865 3844 dictum
1901 3795 2011 3857 est).

2470 1311 2529 1364 16

1655 2288 1910 2362 pinatio,⁷
1946 2312 2050 2349 von
2097 2298 2272 2350 Cicero
2324 2316 2425 2352 neu
2466 2310 2472 2317 ·
