<?xml version="1.0" encoding="UTF-8"?>
<!DOCTYPE html PUBLIC "-//W3C//DTD XHTML 1.0 Transitional//EN"
    "http://www.w3.org/TR/xhtml1/DTD/xhtml1-transitional.dtd">
<html xmlns="http://www.w3.org/1999/xhtml" xml:lang="en" lang="en">
 <head>
  <title>
</title>
<meta http-equiv="Content-Type" content="text/html;charset=utf-8" />
  <meta name='ocr-system' content='tesseract 3.04.00' />
  <meta name='ocr-capabilities' content='ocr_page ocr_carea ocr_par ocr_line ocrx_word'/>
</head>
<body>
  <div class='ocr_page' id='page_1' title='image "./mtulliiciceroni02sorogoog_0291.png"; bbox 0 0 2834 4317; ppageno 0'>
   <div class='ocr_carea' id='block_1_1' title="bbox 129 1138 192 1190">
    <p class='ocr_par' dir='ltr' id='par_1_1' title="bbox 129 1138 192 1190">
     <span class='ocr_line' id='line_1_1' title="bbox 129 1138 192 1190; baseline 0 0"><span class='ocrx_word' id='word_1_1' title='bbox 129 1138 192 1190; x_wconf 87' lang='lat'>10</span> 
     </span>
    </p>
   </div>
   <div class='ocr_carea' id='block_1_2' title="bbox 125 1563 192 1615">
    <p class='ocr_par' dir='ltr' id='par_1_2' title="bbox 125 1563 192 1615">
     <span class='ocr_line' id='line_1_2' title="bbox 125 1563 192 1615; baseline -0.015 0"><span class='ocrx_word' id='word_1_2' title='bbox 125 1563 192 1615; x_wconf 81' lang='lat'>15</span> 
     </span>
    </p>
   </div>
   <div class='ocr_carea' id='block_1_3' title="bbox 996 188 2372 254">
    <p class='ocr_par' dir='ltr' id='par_1_3' title="bbox 996 188 2372 254">
     <span class='ocr_line' id='line_1_3' title="bbox 996 188 2372 254; baseline 0.004 -12"><span class='ocrx_word' id='word_1_3' title='bbox 996 188 1184 242; x_wconf 86' lang='lat' dir='ltr'><strong>LIBER</strong></span> <span class='ocrx_word' id='word_1_4' title='bbox 1219 188 1281 243; x_wconf 80' lang='lat' dir='ltr'>V.</span> <span class='ocrx_word' id='word_1_5' title='bbox 1319 192 1399 254; x_wconf 78' lang='lat'>14,</span> <span class='ocrx_word' id='word_1_6' title='bbox 1417 191 1502 243; x_wconf 81' lang='lat'>41.</span> <span class='ocrx_word' id='word_1_7' title='bbox 1521 191 1604 244; x_wconf 82' lang='lat'>42.</span> <span class='ocrx_word' id='word_1_8' title='bbox 2250 189 2372 248; x_wconf 83' lang='grc'>125</span> 
     </span>
    </p>
   </div>
   <div class='ocr_carea' id='block_1_4' title="bbox 232 360 2377 2060">
    <p class='ocr_par' dir='ltr' id='par_1_4' title="bbox 232 360 2377 2060">
     <span class='ocr_line' id='line_1_4' title="bbox 235 360 2375 444; baseline 0 -21"><span class='ocrx_word' id='word_1_9' title='bbox 235 379 476 424; x_wconf 90' lang='lat' dir='ltr'>omnem</span> <span class='ocrx_word' id='word_1_10' title='bbox 522 379 683 423; x_wconf 88' lang='lat' dir='ltr'>oram</span> <span class='ocrx_word' id='word_1_11' title='bbox 714 360 1062 422; x_wconf 83' lang='lat' dir='ltr'><strong>maritimam</strong></span> <span class='ocrx_word' id='word_1_12' title='bbox 1095 361 1439 423; x_wconf 82' lang='lat' dir='ltr'><strong>dimisisset:</strong></span> <span class='ocrx_word' id='word_1_13' title='bbox 1483 361 1620 423; x_wconf 80' lang='lat' dir='ltr'>Non</span> <span class='ocrx_word' id='word_1_14' title='bbox 1647 380 1783 424; x_wconf 78' lang='lat' dir='ltr'>sane</span> <span class='ocrx_word' id='word_1_15' title='bbox 1809 360 2076 443; x_wconf 77' lang='lat' dir='ltr'>optabilis</span> <span class='ocrx_word' id='word_1_16' title='bbox 2103 365 2215 424; x_wconf 79' lang='lat' dir='ltr'>ista</span> <span class='ocrx_word' id='word_1_17' title='bbox 2242 365 2375 444; x_wconf 78' lang='lat' dir='ltr'>qui-</span> 
     </span>
     <span class='ocr_line' id='line_1_5' title="bbox 235 446 2374 528; baseline 0 -19"><span class='ocrx_word' id='word_1_18' title='bbox 235 449 382 520; x_wconf 82' lang='lat' dir='ltr'>dem,</span> <span class='ocrx_word' id='word_1_19' title='bbox 412 446 626 525; x_wconf 90' lang='lat' dir='ltr'>inquit,</span> <span class='ocrx_word' id='word_1_20' title='bbox 661 446 995 508; x_wconf 76' lang='lat' dir='ltr'>rudentibus</span> <span class='ocrx_word' id='word_1_21' title='bbox 1021 457 1158 528; x_wconf 80' lang='lat' dir='ltr'>apta</span> <span class='ocrx_word' id='word_1_22' title='bbox 1183 449 1449 527; x_wconf 78' lang='lat' dir='ltr'>fortuna.</span> <span class='ocrx_word' id='word_1_23' title='bbox 1513 448 1610 508; x_wconf 87' lang='lat' dir='ltr'>An</span> <span class='ocrx_word' id='word_1_24' title='bbox 1638 447 1883 508; x_wconf 88' lang='lat' dir='ltr'>dubium</span> <span class='ocrx_word' id='word_1_25' title='bbox 1908 454 2016 520; x_wconf 91' lang='lat' dir='ltr'>est,</span> <span class='ocrx_word' id='word_1_26' title='bbox 2049 447 2193 526; x_wconf 88' lang='lat' dir='ltr'>quin</span> <span class='ocrx_word' id='word_1_27' title='bbox 2227 448 2374 510; x_wconf 87' lang='lat' dir='ltr'><strong>nihil</strong></span> 
     </span>
     <span class='ocr_line' id='line_1_6' title="bbox 236 530 2374 612; baseline 0 -19"><span class='ocrx_word' id='word_1_28' title='bbox 236 531 316 593; x_wconf 90' lang='lat' dir='ltr'>sit</span> <span class='ocrx_word' id='word_1_29' title='bbox 334 530 670 593; x_wconf 90' lang='lat' dir='ltr'>habendum</span> <span class='ocrx_word' id='word_1_30' title='bbox 694 531 756 593; x_wconf 91' lang='lat' dir='ltr'>in</span> <span class='ocrx_word' id='word_1_31' title='bbox 789 549 860 593; x_wconf 93' lang='lat' dir='ltr'>eo</span> <span class='ocrx_word' id='word_1_32' title='bbox 890 550 1127 611; x_wconf 81' lang='lat' dir='ltr'>genere,</span> <span class='ocrx_word' id='word_1_33' title='bbox 1159 551 1277 612; x_wconf 90' lang='lat' dir='ltr'>quo</span> <span class='ocrx_word' id='word_1_34' title='bbox 1306 533 1422 593; x_wconf 88' lang='lat' dir='ltr'>vita</span> <span class='ocrx_word' id='word_1_35' title='bbox 1451 531 1623 594; x_wconf 88' lang='lat' dir='ltr'>beata</span> <span class='ocrx_word' id='word_1_36' title='bbox 1653 531 2035 611; x_wconf 83' lang='lat' dir='ltr'>compleatur,</span> <span class='ocrx_word' id='word_1_37' title='bbox 2065 532 2116 594; x_wconf 91' lang='lat' dir='ltr'>si</span> <span class='ocrx_word' id='word_1_38' title='bbox 2145 532 2203 593; x_wconf 93' lang='lat' dir='ltr'>id</span> <span class='ocrx_word' id='word_1_39' title='bbox 2233 552 2374 612; x_wconf 90' lang='lat' dir='ltr'>pos·</span> 
     </span>
     <span class='ocr_line' id='line_1_7' title="bbox 236 613 2372 695; baseline 0.001 -18"><span class='ocrx_word' id='word_1_40' title='bbox 236 617 314 678; x_wconf 93' lang='lat' dir='ltr'>sit</span> <span class='ocrx_word' id='word_1_41' title='bbox 342 613 575 678; x_wconf 77' lang='lat' dir='ltr'>amitti?</span> <span class='ocrx_word' id='word_1_42' title='bbox 604 616 763 678; x_wconf 90' lang='lat' dir='ltr'>Nihil</span> <span class='ocrx_word' id='word_1_43' title='bbox 791 616 949 678; x_wconf 89' lang='lat' dir='ltr'>enim</span> <span class='ocrx_word' id='word_1_44' title='bbox 980 616 1426 692; x_wconf 89' lang='lat' dir='ltr'>interarescere,</span> <span class='ocrx_word' id='word_1_45' title='bbox 1465 617 1611 678; x_wconf 90' lang='lat' dir='ltr'>nihil</span> <span class='ocrx_word' id='word_1_46' title='bbox 1641 617 1954 695; x_wconf 84' lang='lat' dir='ltr'>exstingui,</span> <span class='ocrx_word' id='word_1_47' title='bbox 1986 617 2132 677; x_wconf 87' lang='lat' dir='ltr'>nihil</span> <span class='ocrx_word' id='word_1_48' title='bbox 2163 619 2372 680; x_wconf 89' lang='lat' dir='ltr'>cadere</span> 
     </span>
     <span class='ocr_line' id='line_1_8' title="bbox 235 701 2375 780; baseline 0 -17"><span class='ocrx_word' id='word_1_49' title='bbox 235 701 410 764; x_wconf 89' lang='lat' dir='ltr'>debet</span> <span class='ocrx_word' id='word_1_50' title='bbox 439 719 667 775; x_wconf 89' lang='lat' dir='ltr'>eorum,</span> <span class='ocrx_word' id='word_1_51' title='bbox 698 702 759 762; x_wconf 91' lang='lat' dir='ltr'>in</span> <span class='ocrx_word' id='word_1_52' title='bbox 792 701 1008 780; x_wconf 89' lang='lat' dir='ltr'>quibus</span> <span class='ocrx_word' id='word_1_53' title='bbox 1037 703 1151 763; x_wconf 85' lang='lat' dir='ltr'>vita</span> <span class='ocrx_word' id='word_1_54' title='bbox 1173 701 1341 763; x_wconf 89' lang='lat' dir='ltr'>beata</span> <span class='ocrx_word' id='word_1_55' title='bbox 1372 702 1660 765; x_wconf 84' lang='lat' dir='ltr'><strong>consistit.</strong></span> <span class='ocrx_word' id='word_1_56' title='bbox 1725 702 1870 763; x_wconf 90' lang='lat' dir='ltr'>Nam</span> <span class='ocrx_word' id='word_1_57' title='bbox 1896 702 1998 780; x_wconf 92' lang='lat' dir='ltr'>qui</span> <span class='ocrx_word' id='word_1_58' title='bbox 2023 702 2265 777; x_wconf 84' lang='lat' dir='ltr'><strong>timebit,</strong></span> <span class='ocrx_word' id='word_1_59' title='bbox 2298 722 2375 764; x_wconf 91' lang='lat' dir='ltr'>ne</span> 
     </span>
     <span class='ocr_line' id='line_1_9' title="bbox 236 785 2373 867; baseline 0.001 -19"><span class='ocrx_word' id='word_1_60' title='bbox 236 786 379 866; x_wconf 89' lang='lat' dir='ltr'>quid</span> <span class='ocrx_word' id='word_1_61' title='bbox 422 805 496 847; x_wconf 80' lang='lat' dir='ltr'>ex</span> <span class='ocrx_word' id='word_1_62' title='bbox 537 786 608 849; x_wconf 92' lang='lat' dir='ltr'>iis</span> <span class='ocrx_word' id='word_1_63' title='bbox 648 785 959 866; x_wconf 84' lang='lat' dir='ltr'>deperdat,</span> <span class='ocrx_word' id='word_1_64' title='bbox 1001 787 1209 850; x_wconf 89' lang='lat' dir='ltr'>heatus</span> <span class='ocrx_word' id='word_1_65' title='bbox 1252 806 1380 849; x_wconf 90' lang='lat' dir='ltr'>esse</span> <span class='ocrx_word' id='word_1_66' title='bbox 1425 807 1547 849; x_wconf 92' lang='lat' dir='ltr'>non</span> <span class='ocrx_word' id='word_1_67' title='bbox 1580 787 1816 867; x_wconf 91' lang='lat' dir='ltr'>poterit.</span> <span class='ocrx_word' id='word_1_68' title='bbox 1891 786 2175 850; x_wconf 88' lang='lat' dir='ltr'><strong>Volumus</strong></span> <span class='ocrx_word' id='word_1_69' title='bbox 2216 788 2373 850; x_wconf 93' lang='lat' dir='ltr'>enim</span> 
     </span>
     <span class='ocr_line' id='line_1_10' title="bbox 236 871 2375 952; baseline 0.001 -19"><span class='ocrx_word' id='word_1_70' title='bbox 236 890 394 947; x_wconf 91' lang='lat' dir='ltr'>eum,</span> <span class='ocrx_word' id='word_1_71' title='bbox 424 872 528 950; x_wconf 88' lang='lat' dir='ltr'>qui</span> <span class='ocrx_word' id='word_1_72' title='bbox 554 871 764 935; x_wconf 84' lang='lat' dir='ltr'>beatus</span> <span class='ocrx_word' id='word_1_73' title='bbox 792 871 886 945; x_wconf 89' lang='lat' dir='ltr'>sit,</span> <span class='ocrx_word' id='word_1_74' title='bbox 925 879 1116 934; x_wconf 90' lang='lat' dir='ltr'>tutum</span> <span class='ocrx_word' id='word_1_75' title='bbox 1149 891 1298 948; x_wconf 89' lang='lat' dir='ltr'>esse,</span> <span class='ocrx_word' id='word_1_76' title='bbox 1329 872 1867 952; x_wconf 83' lang='lat' dir='ltr'>inexpugnabilem,</span> <span class='ocrx_word' id='word_1_77' title='bbox 1902 882 2169 952; x_wconf 89' lang='lat' dir='ltr'>saeptum</span> <span class='ocrx_word' id='word_1_78' title='bbox 2198 881 2375 952; x_wconf 89' lang='lat' dir='ltr'>atque</span> 
     </span>
     <span class='ocr_line' id='line_1_11' title="bbox 234 956 2375 1038; baseline 0.001 -21"><span class='ocrx_word' id='word_1_79' title='bbox 234 956 560 1031; x_wconf 90' lang='lat' dir='ltr'>munitum,</span> <span class='ocrx_word' id='word_1_80' title='bbox 602 976 726 1019; x_wconf 90' lang='lat' dir='ltr'>non</span> <span class='ocrx_word' id='word_1_81' title='bbox 766 964 833 1018; x_wconf 92' lang='lat' dir='ltr'>ut</span> <span class='ocrx_word' id='word_1_82' title='bbox 874 976 1054 1038; x_wconf 89' lang='lat' dir='ltr'>parvo</span> <span class='ocrx_word' id='word_1_83' title='bbox 1100 967 1259 1019; x_wconf 91' lang='lat' dir='ltr'>metu</span> <span class='ocrx_word' id='word_1_84' title='bbox 1299 958 1602 1037; x_wconf 90' lang='lat' dir='ltr'>praeditus</span> <span class='ocrx_word' id='word_1_85' title='bbox 1642 957 1746 1033; x_wconf 90' lang='lat' dir='ltr'>sit,</span> <span class='ocrx_word' id='word_1_86' title='bbox 1789 959 1891 1019; x_wconf 88' lang='lat' dir='ltr'>sed</span> <span class='ocrx_word' id='word_1_87' title='bbox 1948 966 2015 1018; x_wconf 93' lang='lat' dir='ltr'>ut</span> <span class='ocrx_word' id='word_1_88' title='bbox 2041 958 2226 1020; x_wconf 90' lang='lat' dir='ltr'>nullo.</span> <span class='ocrx_word' id='word_1_89' title='bbox 2299 959 2375 1020; x_wconf 90' lang='lat' dir='ltr'>Ut</span> 
     </span>
     <span class='ocr_line' id='line_1_12' title="bbox 238 1041 2376 1123; baseline 0.001 -20"><span class='ocrx_word' id='word_1_90' title='bbox 238 1041 396 1103; x_wconf 92' lang='lat' dir='ltr'>enim</span> <span class='ocrx_word' id='word_1_91' title='bbox 444 1042 738 1104; x_wconf 87' lang='lat' dir='ltr'>innocens</span> <span class='ocrx_word' id='word_1_92' title='bbox 783 1042 832 1103; x_wconf 89' lang='lat' dir='ltr'>is</span> <span class='ocrx_word' id='word_1_93' title='bbox 875 1042 1122 1116; x_wconf 87' lang='lat' dir='ltr'>dicitur,</span> <span class='ocrx_word' id='word_1_94' title='bbox 1167 1062 1290 1104; x_wconf 90' lang='lat' dir='ltr'>non</span> <span class='ocrx_word' id='word_1_95' title='bbox 1329 1043 1432 1121; x_wconf 88' lang='lat' dir='ltr'>qui</span> <span class='ocrx_word' id='word_1_96' title='bbox 1477 1042 1682 1104; x_wconf 86' lang='lat' dir='ltr'>leviter</span> <span class='ocrx_word' id='word_1_97' title='bbox 1711 1052 1915 1115; x_wconf 90' lang='lat' dir='ltr'>nocet,</span> <span class='ocrx_word' id='word_1_98' title='bbox 1959 1042 2060 1104; x_wconf 91' lang='lat' dir='ltr'>sed</span> <span class='ocrx_word' id='word_1_99' title='bbox 2094 1043 2196 1123; x_wconf 91' lang='lat' dir='ltr'>qui</span> <span class='ocrx_word' id='word_1_100' title='bbox 2226 1044 2376 1105; x_wconf 91' lang='lat' dir='ltr'>nihil</span> 
     </span>
     <span class='ocr_line' id='line_1_13' title="bbox 240 1126 2371 1208; baseline 0 -21"><span class='ocrx_word' id='word_1_101' title='bbox 240 1135 434 1201; x_wconf 90' lang='lat' dir='ltr'>nocet,</span> <span class='ocrx_word' id='word_1_102' title='bbox 465 1128 551 1188; x_wconf 91' lang='lat' dir='ltr'>sic</span> <span class='ocrx_word' id='word_1_103' title='bbox 574 1127 704 1189; x_wconf 90' lang='lat' dir='ltr'>sine</span> <span class='ocrx_word' id='word_1_104' title='bbox 725 1136 887 1188; x_wconf 89' lang='lat' dir='ltr'>metu</span> <span class='ocrx_word' id='word_1_105' title='bbox 912 1127 963 1189; x_wconf 92' lang='lat' dir='ltr'>is</span> <span class='ocrx_word' id='word_1_106' title='bbox 986 1126 1294 1189; x_wconf 88' lang='lat' dir='ltr'>habendus</span> <span class='ocrx_word' id='word_1_107' title='bbox 1315 1136 1422 1202; x_wconf 91' lang='lat' dir='ltr'>est,</span> <span class='ocrx_word' id='word_1_108' title='bbox 1455 1147 1576 1188; x_wconf 91' lang='lat' dir='ltr'>non</span> <span class='ocrx_word' id='word_1_109' title='bbox 1604 1127 1705 1206; x_wconf 90' lang='lat' dir='ltr'>qui</span> <span class='ocrx_word' id='word_1_110' title='bbox 1731 1145 1911 1208; x_wconf 84' lang='lat' dir='ltr'>parvo</span> <span class='ocrx_word' id='word_1_111' title='bbox 1940 1136 2102 1189; x_wconf 88' lang='lat' dir='ltr'>metu</span> <span class='ocrx_word' id='word_1_112' title='bbox 2134 1135 2240 1204; x_wconf 92' lang='lat' dir='ltr'>est,</span> <span class='ocrx_word' id='word_1_113' title='bbox 2272 1128 2371 1190; x_wconf 91' lang='lat' dir='ltr'>sed</span> 
     </span>
     <span class='ocr_line' id='line_1_14' title="bbox 239 1211 2375 1290; baseline 0.001 -18"><span class='ocrx_word' id='word_1_114' title='bbox 239 1211 339 1290; x_wconf 91' lang='lat' dir='ltr'>qui</span> <span class='ocrx_word' id='word_1_115' title='bbox 372 1212 617 1273; x_wconf 91' lang='lat' dir='ltr'>omnino</span> <span class='ocrx_word' id='word_1_116' title='bbox 655 1221 818 1274; x_wconf 89' lang='lat' dir='ltr'>metu</span> <span class='ocrx_word' id='word_1_117' title='bbox 845 1220 1027 1274; x_wconf 88' lang='lat' dir='ltr'>vacat.</span> <span class='ocrx_word' id='word_1_118' title='bbox 1090 1213 1254 1284; x_wconf 88' lang='lat' dir='ltr'>Quae</span> <span class='ocrx_word' id='word_1_119' title='bbox 1285 1221 1375 1274; x_wconf 92' lang='lat' dir='ltr'>est</span> <span class='ocrx_word' id='word_1_120' title='bbox 1403 1213 1561 1273; x_wconf 91' lang='lat' dir='ltr'>enim</span> <span class='ocrx_word' id='word_1_121' title='bbox 1592 1213 1703 1274; x_wconf 91' lang='lat' dir='ltr'>alia</span> <span class='ocrx_word' id='word_1_122' title='bbox 1732 1211 2019 1273; x_wconf 80' lang='lat' dir='ltr'>fortitudo</span> <span class='ocrx_word' id='word_1_123' title='bbox 2050 1213 2164 1275; x_wconf 91' lang='lat' dir='ltr'>nisi</span> <span class='ocrx_word' id='word_1_124' title='bbox 2194 1214 2375 1275; x_wconf 86' lang='lat' dir='ltr'>animi</span> 
     </span>
     <span class='ocr_line' id='line_1_15' title="bbox 237 1296 2374 1378; baseline 0.001 -21"><span class='ocrx_word' id='word_1_125' title='bbox 237 1297 486 1358; x_wconf 82' lang='lat' dir='ltr'>adfectio</span> <span class='ocrx_word' id='word_1_126' title='bbox 523 1316 657 1359; x_wconf 91' lang='lat' dir='ltr'>cum</span> <span class='ocrx_word' id='word_1_127' title='bbox 689 1297 750 1358; x_wconf 93' lang='lat' dir='ltr'>in</span> <span class='ocrx_word' id='word_1_128' title='bbox 783 1296 1055 1360; x_wconf 89' lang='lat' dir='ltr'>adeundo</span> <span class='ocrx_word' id='word_1_129' title='bbox 1085 1297 1351 1377; x_wconf 89' lang='lat' dir='ltr'>periculo</span> <span class='ocrx_word' id='word_1_130' title='bbox 1383 1305 1441 1358; x_wconf 88' lang='lat' dir='ltr'>et</span> <span class='ocrx_word' id='word_1_131' title='bbox 1472 1298 1531 1358; x_wconf 93' lang='lat' dir='ltr'>in</span> <span class='ocrx_word' id='word_1_132' title='bbox 1563 1297 1766 1358; x_wconf 89' lang='lat' dir='ltr'>labore</span> <span class='ocrx_word' id='word_1_133' title='bbox 1796 1316 1864 1359; x_wconf 92' lang='lat' dir='ltr'>ac</span> <span class='ocrx_word' id='word_1_134' title='bbox 1892 1297 2097 1359; x_wconf 93' lang='lat' dir='ltr'>dolore</span> <span class='ocrx_word' id='word_1_135' title='bbox 2127 1298 2374 1378; x_wconf 76' lang='lat' dir='ltr'>patienS,</span> 
     </span>
     <span class='ocr_line' id='line_1_16' title="bbox 235 1381 2375 1463; baseline 0.002 -22"><span class='ocrx_word' id='word_1_136' title='bbox 235 1389 362 1442; x_wconf 92' lang='lat' dir='ltr'>tum</span> <span class='ocrx_word' id='word_1_137' title='bbox 400 1382 613 1463; x_wconf 88' lang='lat' dir='ltr'>procul</span> <span class='ocrx_word' id='word_1_138' title='bbox 655 1382 728 1444; x_wconf 88' lang='lat' dir='ltr'>ab</span> <span class='ocrx_word' id='word_1_139' title='bbox 773 1383 936 1443; x_wconf 94' lang='lat' dir='ltr'>omni</span> <span class='ocrx_word' id='word_1_140' title='bbox 976 1391 1138 1444; x_wconf 92' lang='lat' dir='ltr'>metu</span> <span class='ocrx_word' id='word_1_141' title='bbox 1156 1381 1187 1443; x_wconf 71' lang='lat'>‘2</span> <span class='ocrx_word' id='word_1_142' title='bbox 1238 1384 1431 1461; x_wconf 87' lang='lat' dir='ltr'>Atque</span> <span class='ocrx_word' id='word_1_143' title='bbox 1472 1383 1617 1444; x_wconf 89' lang='lat' dir='ltr'>haec</span> <span class='ocrx_word' id='word_1_144' title='bbox 1646 1392 1807 1444; x_wconf 90' lang='lat' dir='ltr'>certe</span> <span class='ocrx_word' id='word_1_145' title='bbox 1837 1401 1961 1443; x_wconf 90' lang='lat' dir='ltr'>non</span> <span class='ocrx_word' id='word_1_146' title='bbox 1992 1382 2072 1444; x_wconf 90' lang='lat' dir='ltr'>ita</span> <span class='ocrx_word' id='word_1_147' title='bbox 2100 1402 2166 1444; x_wconf 91' lang='lat' dir='ltr'>se</span> <span class='ocrx_word' id='word_1_148' title='bbox 2196 1383 2375 1446; x_wconf 89' lang='lat' dir='ltr'>hahe-</span> 
     </span>
     <span class='ocr_line' id='line_1_17' title="bbox 236 1466 2374 1540; baseline 0.001 -13"><span class='ocrx_word' id='word_1_149' title='bbox 236 1475 392 1540; x_wconf 88' lang='lat' dir='ltr'>rent,</span> <span class='ocrx_word' id='word_1_150' title='bbox 422 1467 536 1528; x_wconf 92' lang='lat' dir='ltr'>nisi</span> <span class='ocrx_word' id='word_1_151' title='bbox 566 1486 744 1531; x_wconf 90' lang='lat' dir='ltr'>omne</span> <span class='ocrx_word' id='word_1_152' title='bbox 773 1466 999 1529; x_wconf 88' lang='lat' dir='ltr'>honum</span> <span class='ocrx_word' id='word_1_153' title='bbox 1030 1468 1092 1528; x_wconf 94' lang='lat' dir='ltr'>in</span> <span class='ocrx_word' id='word_1_154' title='bbox 1123 1486 1243 1529; x_wconf 90' lang='lat' dir='ltr'>una</span> <span class='ocrx_word' id='word_1_155' title='bbox 1271 1468 1582 1529; x_wconf 90' lang='lat' dir='ltr'>honestate</span> <span class='ocrx_word' id='word_1_156' title='bbox 1614 1467 1985 1529; x_wconf 87' lang='lat' dir='ltr'>consisteret.</span> <span class='ocrx_word' id='word_1_157' title='bbox 2030 1467 2147 1539; x_wconf 85' lang='lat' dir='ltr'>Qui</span> <span class='ocrx_word' id='word_1_158' title='bbox 2177 1476 2374 1530; x_wconf 90' lang='lat' dir='ltr'>autem</span> 
     </span>
     <span class='ocr_line' id='line_1_18' title="bbox 234 1551 2372 1634; baseline 0.001 -22"><span class='ocrx_word' id='word_1_159' title='bbox 234 1551 393 1613; x_wconf 85' lang='lat' dir='ltr'>illam</span> <span class='ocrx_word' id='word_1_160' title='bbox 437 1553 688 1614; x_wconf 85' lang='lat' dir='ltr'>maxime</span> <span class='ocrx_word' id='word_1_161' title='bbox 733 1560 992 1634; x_wconf 89' lang='lat' dir='ltr'>optatam</span> <span class='ocrx_word' id='word_1_162' title='bbox 1034 1560 1094 1613; x_wconf 91' lang='lat' dir='ltr'>et</span> <span class='ocrx_word' id='word_1_163' title='bbox 1133 1553 1449 1632; x_wconf 87' lang='lat' dir='ltr'>expetitam</span> <span class='ocrx_word' id='word_1_164' title='bbox 1484 1553 1858 1614; x_wconf 85' lang='lat' dir='ltr'>securitatem</span> <span class='ocrx_word' id='word_1_165' title='bbox 1886 1586 1972 1598; x_wconf 91' lang='lat'><strong>—</strong></span> <span class='ocrx_word' id='word_1_166' title='bbox 2000 1554 2372 1615; x_wconf 86' lang='lat' dir='ltr'>securitatem</span> 
     </span>
     <span class='ocr_line' id='line_1_19' title="bbox 232 1637 2375 1719; baseline 0.001 -22"><span class='ocrx_word' id='word_1_167' title='bbox 232 1647 435 1698; x_wconf 84' lang='lat' dir='ltr'>autem</span> <span class='ocrx_word' id='word_1_168' title='bbox 465 1655 628 1699; x_wconf 88' lang='lat' dir='ltr'>nunc</span> <span class='ocrx_word' id='word_1_169' title='bbox 668 1638 901 1719; x_wconf 85' lang='lat' dir='ltr'>appello</span> <span class='ocrx_word' id='word_1_170' title='bbox 942 1638 1289 1700; x_wconf 86' lang='lat' dir='ltr'>vacuitatem</span> <span class='ocrx_word' id='word_1_171' title='bbox 1331 1637 1743 1717; x_wconf 83' lang='lat' dir='ltr'>aegritudinis,</span> <span class='ocrx_word' id='word_1_172' title='bbox 1787 1638 1847 1699; x_wconf 94' lang='lat' dir='ltr'>in</span> <span class='ocrx_word' id='word_1_173' title='bbox 1891 1656 2006 1716; x_wconf 88' lang='lat' dir='ltr'>qua</span> <span class='ocrx_word' id='word_1_174' title='bbox 2046 1638 2160 1699; x_wconf 86' lang='lat' dir='ltr'>vita</span> <span class='ocrx_word' id='word_1_175' title='bbox 2204 1639 2375 1700; x_wconf 88' lang='lat' dir='ltr'>beata</span> 
     </span>
     <span class='ocr_line' id='line_1_20' title="bbox 235 1721 2373 1803; baseline 0.001 -20"><span class='ocrx_word' id='word_1_176' title='bbox 235 1721 427 1801; x_wconf 90' lang='lat' dir='ltr'>posita</span> <span class='ocrx_word' id='word_1_177' title='bbox 470 1730 561 1784; x_wconf 91' lang='lat' dir='ltr'>est</span> <span class='ocrx_word' id='word_1_178' title='bbox 588 1753 671 1770; x_wconf 84' lang='lat'>--</span> <span class='ocrx_word' id='word_1_179' title='bbox 700 1721 917 1784; x_wconf 88' lang='lat' dir='ltr'>habere</span> <span class='ocrx_word' id='word_1_180' title='bbox 959 1723 1270 1802; x_wconf 89' lang='lat' dir='ltr'>quisquam</span> <span class='ocrx_word' id='word_1_181' title='bbox 1309 1732 1536 1803; x_wconf 89' lang='lat' dir='ltr'>potest,</span> <span class='ocrx_word' id='word_1_182' title='bbox 1582 1723 1679 1785; x_wconf 90' lang='lat' dir='ltr'>cui</span> <span class='ocrx_word' id='word_1_183' title='bbox 1722 1732 1824 1784; x_wconf 88' lang='lat' dir='ltr'>aut</span> <span class='ocrx_word' id='word_1_184' title='bbox 1864 1724 2013 1785; x_wconf 88' lang='lat' dir='ltr'>adsit</span> <span class='ocrx_word' id='word_1_185' title='bbox 2041 1730 2142 1785; x_wconf 90' lang='lat' dir='ltr'>aut</span> <span class='ocrx_word' id='word_1_186' title='bbox 2170 1723 2373 1787; x_wconf 90' lang='lat' dir='ltr'>adesse</span> 
     </span>
     <span class='ocr_line' id='line_1_21' title="bbox 235 1806 2376 1888; baseline 0.001 -21"><span class='ocrx_word' id='word_1_187' title='bbox 235 1807 425 1887; x_wconf 87' lang='lat' dir='ltr'>possit</span> <span class='ocrx_word' id='word_1_188' title='bbox 480 1807 795 1869; x_wconf 88' lang='lat' dir='ltr'>multitudo</span> <span class='ocrx_word' id='word_1_189' title='bbox 849 1806 1182 1869; x_wconf 77' lang='lat' dir='ltr'>malorum?</span> <span class='ocrx_word' id='word_1_190' title='bbox 1234 1808 1351 1880; x_wconf 85' lang='lat' dir='ltr'>Qui</span> <span class='ocrx_word' id='word_1_191' title='bbox 1402 1817 1598 1869; x_wconf 87' lang='lat' dir='ltr'>autem</span> <span class='ocrx_word' id='word_1_192' title='bbox 1646 1808 1865 1888; x_wconf 90' lang='lat' dir='ltr'>poterit</span> <span class='ocrx_word' id='word_1_193' title='bbox 1909 1826 2039 1869; x_wconf 90' lang='lat' dir='ltr'>esse</span> <span class='ocrx_word' id='word_1_194' title='bbox 2080 1809 2275 1872; x_wconf 87' lang='lat' dir='ltr'>celsus</span> <span class='ocrx_word' id='word_1_195' title='bbox 2314 1817 2376 1870; x_wconf 90' lang='lat' dir='ltr'>et</span> 
     </span>
     <span class='ocr_line' id='line_1_22' title="bbox 235 1892 2375 1975; baseline 0.002 -23"><span class='ocrx_word' id='word_1_196' title='bbox 235 1900 470 1954; x_wconf 92' lang='lat' dir='ltr'>erectus</span> <span class='ocrx_word' id='word_1_197' title='bbox 493 1900 553 1953; x_wconf 91' lang='lat' dir='ltr'>et</span> <span class='ocrx_word' id='word_1_198' title='bbox 574 1911 662 1967; x_wconf 85' lang='lat' dir='ltr'>ea,</span> <span class='ocrx_word' id='word_1_199' title='bbox 694 1911 844 1972; x_wconf 88' lang='lat' dir='ltr'>quae</span> <span class='ocrx_word' id='word_1_200' title='bbox 865 1893 1096 1955; x_wconf 91' lang='lat' dir='ltr'>homini</span> <span class='ocrx_word' id='word_1_201' title='bbox 1111 1893 1375 1955; x_wconf 88' lang='lat' dir='ltr'>accidere</span> <span class='ocrx_word' id='word_1_202' title='bbox 1398 1901 1669 1975; x_wconf 89' lang='lat' dir='ltr'>possunt,</span> <span class='ocrx_word' id='word_1_203' title='bbox 1700 1892 1898 1954; x_wconf 89' lang='lat' dir='ltr'>omnia</span> <span class='ocrx_word' id='word_1_204' title='bbox 1921 1911 2102 1972; x_wconf 89' lang='lat' dir='ltr'>parvo</span> <span class='ocrx_word' id='word_1_205' title='bbox 2130 1896 2375 1967; x_wconf 68' lang='lat' dir='ltr'>ducem,</span> 
     </span>
     <span class='ocr_line' id='line_1_23' title="bbox 235 1977 2377 2060; baseline 0.001 -22"><span class='ocrx_word' id='word_1_206' title='bbox 235 1977 471 2055; x_wconf 89' lang='lat' dir='ltr'>qualem</span> <span class='ocrx_word' id='word_1_207' title='bbox 513 1978 841 2059; x_wconf 87' lang='lat' dir='ltr'>sapientem</span> <span class='ocrx_word' id='word_1_208' title='bbox 884 1997 1012 2041; x_wconf 91' lang='lat' dir='ltr'>esse</span> <span class='ocrx_word' id='word_1_209' title='bbox 1051 1979 1355 2052; x_wconf 85' lang='lat' dir='ltr'>volumus,</span> <span class='ocrx_word' id='word_1_210' title='bbox 1417 1978 1531 2039; x_wconf 88' lang='lat' dir='ltr'>nisi</span> <span class='ocrx_word' id='word_1_211' title='bbox 1576 1978 1774 2040; x_wconf 91' lang='lat' dir='ltr'>omnia</span> <span class='ocrx_word' id='word_1_212' title='bbox 1815 1977 1929 2040; x_wconf 88' lang='lat' dir='ltr'>sihi</span> <span class='ocrx_word' id='word_1_213' title='bbox 1971 1978 2032 2040; x_wconf 91' lang='lat' dir='ltr'>in</span> <span class='ocrx_word' id='word_1_214' title='bbox 2080 1998 2144 2042; x_wconf 92' lang='lat' dir='ltr'>se</span> <span class='ocrx_word' id='word_1_215' title='bbox 2187 1980 2377 2060; x_wconf 87' lang='lat' dir='ltr'>posita</span> 
     </span>
    </p>
   </div>
   <div class='ocr_carea' id='block_1_5' title="bbox 226 2092 2376 2499">
    <p class='ocr_par' dir='ltr' id='par_1_5' title="bbox 226 2092 2376 2499">
     <span class='ocr_line' id='line_1_24' title="bbox 304 2092 2375 2160; baseline 0.002 -14"><span class='ocrx_word' id='word_1_216' title='bbox 304 2096 351 2147; x_wconf 94' lang='lat'>1.</span> <span class='ocrx_word' id='word_1_217' title='bbox 384 2092 512 2144; x_wconf 82' lang='lat' dir='ltr'>Non</span> <span class='ocrx_word' id='word_1_218' title='bbox 544 2109 696 2160; x_wconf 74' lang='lat' dir='ltr'>sane,</span> <span class='ocrx_word' id='word_1_219' title='bbox 731 2108 772 2148; x_wconf 81' lang='lat' dir='ltr'>s,</span> <span class='ocrx_word' id='word_1_220' title='bbox 809 2108 873 2145; x_wconf 86' lang='grc' dir='ltr'><strong>ιιι</strong></span> <span class='ocrx_word' id='word_1_221' title='bbox 909 2093 984 2146; x_wconf 86' lang='lat'>111.</span> <span class='ocrx_word' id='word_1_222' title='bbox 1025 2097 1104 2159; x_wconf 86' lang='lat'>10,</span> <span class='ocrx_word' id='word_1_223' title='bbox 1135 2096 1217 2147; x_wconf 85' lang='lat'>22.</span> <span class='ocrx_word' id='word_1_224' title='bbox 1356 2094 1577 2146; x_wconf 86' lang='lat' dir='ltr'>anderen</span> <span class='ocrx_word' id='word_1_225' title='bbox 1614 2092 1723 2145; x_wconf 84' lang='lat' dir='ltr'>Fau</span> <span class='ocrx_word' id='word_1_226' title='bbox 1762 2110 1865 2146; x_wconf 81' lang='lat' dir='ltr'>von</span> <span class='ocrx_word' id='word_1_227' title='bbox 1909 2099 1961 2145; x_wconf 78' lang='lat' dir='ltr'>et</span> <span class='ocrx_word' id='word_1_228' title='bbox 2002 2094 2138 2147; x_wconf 90' lang='lat' dir='ltr'>beim</span> <span class='ocrx_word' id='word_1_229' title='bbox 2182 2096 2375 2150; x_wconf 87' lang='lat' dir='ltr'>letzten</span> 
     </span>
     <span class='ocr_line' id='line_1_25' title="bbox 302 2160 2104 2230; baseline 0 -16"><span class='ocrx_word' id='word_1_230' title='bbox 302 2162 351 2214; x_wconf 85' lang='lat'>2.</span> <span class='ocrx_word' id='word_1_231' title='bbox 393 2162 709 2212; x_wconf 73' lang='lat' dir='ltr'>rudentibus</span> <span class='ocrx_word' id='word_1_232' title='bbox 751 2166 896 2228; x_wconf 83' lang='lat' dir='ltr'>apta,</span> <span class='ocrx_word' id='word_1_233' title='bbox 932 2177 1061 2228; x_wconf 77' lang='lat' dir='ltr'>ganz</span> <span class='ocrx_word' id='word_1_234' title='bbox 1098 2165 1255 2214; x_wconf 77' lang='lat' dir='ltr'>wort-</span> <span class='ocrx_word' id='word_1_235' title='bbox 1355 2161 1533 2214; x_wconf 88' lang='lat' dir='ltr'>Gliede</span> <span class='ocrx_word' id='word_1_236' title='bbox 1566 2177 1608 2214; x_wconf 86' lang='lat' dir='ltr'>s.</span> <span class='ocrx_word' id='word_1_237' title='bbox 1647 2178 1708 2213; x_wconf 84' lang='lat' dir='ltr'>zu</span> <span class='ocrx_word' id='word_1_238' title='bbox 1742 2160 1825 2215; x_wconf 87' lang='lat' dir='ltr'>IV.</span> <span class='ocrx_word' id='word_1_239' title='bbox 1864 2165 1911 2226; x_wconf 97' lang='lat'>7,</span> <span class='ocrx_word' id='word_1_240' title='bbox 1941 2164 2019 2216; x_wconf 82' lang='lat'>16.</span> <span class='ocrx_word' id='word_1_241' title='bbox 2082 2217 2104 2230; x_wconf 56' lang='lat'>„</span> 
     </span>
     <span class='ocr_line' id='line_1_26' title="bbox 226 2221 2375 2297; baseline 0.001 -17"><span class='ocrx_word' id='word_1_242' title='bbox 226 2228 362 2281; x_wconf 85' lang='lat' dir='ltr'>lich:</span> <span class='ocrx_word' id='word_1_243' title='bbox 384 2222 472 2281; x_wconf 83' lang='lat' dir='ltr'>‘an</span> <span class='ocrx_word' id='word_1_244' title='bbox 500 2229 806 2282; x_wconf 84' lang='lat' dir='ltr'>Schiffstaue</span> <span class='ocrx_word' id='word_1_245' title='bbox 830 2221 1123 2297; x_wconf 75' lang='lat' dir='ltr'>geknfipft&#39;;</span> <span class='ocrx_word' id='word_1_246' title='bbox 1158 2231 1254 2282; x_wconf 89' lang='lat' dir='ltr'>mit</span> <span class='ocrx_word' id='word_1_247' title='bbox 1425 2232 1472 2283; x_wconf 90' lang='lat'>8.</span> <span class='ocrx_word' id='word_1_248' title='bbox 1517 2234 1662 2280; x_wconf 77' lang='lat' dir='ltr'>metu</span> <span class='ocrx_word' id='word_1_249' title='bbox 1700 2230 1999 2295; x_wconf 73' lang='lat' dir='ltr'>praeditus.</span> <span class='ocrx_word' id='word_1_250' title='bbox 2069 2230 2290 2283; x_wconf 85' lang='lat' dir='ltr'>Ahnlich</span> <span class='ocrx_word' id='word_1_251' title='bbox 2324 2247 2375 2297; x_wconf 90' lang='lat' dir='ltr'>p.</span> 
     </span>
     <span class='ocr_line' id='line_1_27' title="bbox 230 2295 2374 2365; baseline 0 -17"><span class='ocrx_word' id='word_1_252' title='bbox 230 2296 346 2349; x_wconf 90' lang='lat' dir='ltr'>dem</span> <span class='ocrx_word' id='word_1_253' title='bbox 395 2296 594 2349; x_wconf 73' lang='lat' dir='ltr'>blossen</span> <span class='ocrx_word' id='word_1_254' title='bbox 631 2297 840 2350; x_wconf 85' lang='lat' dir='ltr'>Ablativ</span> <span class='ocrx_word' id='word_1_255' title='bbox 883 2298 1016 2350; x_wconf 86' lang='lat' dir='ltr'>noch</span> <span class='ocrx_word' id='word_1_256' title='bbox 1052 2296 1116 2350; x_wconf 87' lang='lat' dir='ltr'>de</span> <span class='ocrx_word' id='word_1_257' title='bbox 1152 2298 1252 2364; x_wconf 77' lang='lat' dir='ltr'>leg.</span> <span class='ocrx_word' id='word_1_258' title='bbox 1353 2295 1539 2349; x_wconf 84' lang='lat' dir='ltr'>Flacco</span> <span class='ocrx_word' id='word_1_259' title='bbox 1565 2299 1613 2361; x_wconf 88' lang='lat'>3,</span> <span class='ocrx_word' id='word_1_260' title='bbox 1639 2299 1695 2349; x_wconf 84' lang='lat'>6:</span> <span class='ocrx_word' id='word_1_261' title='bbox 1726 2297 1954 2364; x_wconf 78' lang='lat' dir='ltr'>levitate,</span> <span class='ocrx_word' id='word_1_262' title='bbox 1977 2303 2223 2364; x_wconf 75' lang='lat' dir='ltr'>egestate,</span> <span class='ocrx_word' id='word_1_263' title='bbox 2253 2314 2374 2365; x_wconf 79' lang='lat' dir='ltr'>per-</span> 
     </span>
     <span class='ocr_line' id='line_1_28' title="bbox 226 2364 2374 2433; baseline 0.001 -16"><span class='ocrx_word' id='word_1_264' title='bbox 226 2364 264 2417; x_wconf 84' lang='lat'>1.</span> <span class='ocrx_word' id='word_1_265' title='bbox 302 2368 385 2431; x_wconf 88' lang='lat'>21,</span> <span class='ocrx_word' id='word_1_266' title='bbox 416 2367 509 2417; x_wconf 78' lang='lat'>56:</span> <span class='ocrx_word' id='word_1_267' title='bbox 546 2368 657 2418; x_wconf 74' lang='lat' dir='ltr'>vita</span> <span class='ocrx_word' id='word_1_268' title='bbox 694 2370 821 2433; x_wconf 82' lang='lat' dir='ltr'>apta</span> <span class='ocrx_word' id='word_1_269' title='bbox 857 2368 1070 2417; x_wconf 81' lang='lat' dir='ltr'>virtute.</span> <span class='ocrx_word' id='word_1_270' title='bbox 1136 2364 1253 2431; x_wconf 82' lang='lat' dir='ltr'>Vgl.</span> <span class='ocrx_word' id='word_1_271' title='bbox 1353 2365 1513 2431; x_wconf 75' lang='lat' dir='ltr'>fidia,</span> <span class='ocrx_word' id='word_1_272' title='bbox 1550 2366 1804 2427; x_wconf 79' lang='lat' dir='ltr'>audacia3</span> <span class='ocrx_word' id='word_1_273' title='bbox 1850 2365 1913 2416; x_wconf 90' lang='lat' dir='ltr'>de</span> <span class='ocrx_word' id='word_1_274' title='bbox 1948 2365 2053 2418; x_wconf 78' lang='lat' dir='ltr'>inv,</span> <span class='ocrx_word' id='word_1_275' title='bbox 2087 2366 2123 2419; x_wconf 83' lang='lat'>1.</span> <span class='ocrx_word' id='word_1_276' title='bbox 2159 2370 2242 2431; x_wconf 82' lang='lat'>47,</span> <span class='ocrx_word' id='word_1_277' title='bbox 2279 2368 2374 2420; x_wconf 89' lang='lat'>88:</span> 
     </span>
     <span class='ocr_line' id='line_1_29' title="bbox 228 2433 2376 2499; baseline 0 -14"><span class='ocrx_word' id='word_1_278' title='bbox 228 2448 292 2486; x_wconf 86' lang='lat' dir='ltr'>zu</span> <span class='ocrx_word' id='word_1_279' title='bbox 332 2435 412 2497; x_wconf 88' lang='lat'>12,</span> <span class='ocrx_word' id='word_1_280' title='bbox 437 2434 519 2487; x_wconf 84' lang='grc'><strong>36.</strong></span> <span class='ocrx_word' id='word_1_281' title='bbox 1348 2433 1557 2498; x_wconf 79' lang='lat' dir='ltr'>grandi</span> <span class='ocrx_word' id='word_1_282' title='bbox 1601 2434 1734 2484; x_wconf 79' lang='lat' dir='ltr'>vitio</span> <span class='ocrx_word' id='word_1_283' title='bbox 1772 2433 2083 2499; x_wconf 67' lang='lat' dir='ltr'>praedita-33</span> <span class='ocrx_word' id='word_1_284' title='bbox 2131 2434 2376 2499; x_wconf 75' lang='lat' dir='ltr'>gewohn-</span> 
     </span>
    </p>
   </div>
   <div class='ocr_carea' id='block_1_6' title="bbox 196 2499 2327 2569">
    <p class='ocr_par' dir='ltr' id='par_1_6' title="bbox 196 2499 2327 2569">
     <span class='ocr_line' id='line_1_30' title="bbox 196 2499 2327 2569; baseline 0.001 -16"><span class='ocrx_word' id='word_1_285' title='bbox 196 2535 203 2544; x_wconf 73' lang='lat'>-</span> <span class='ocrx_word' id='word_1_286' title='bbox 282 2503 371 2553; x_wconf 81' lang='lat' dir='ltr'>An</span> <span class='ocrx_word' id='word_1_287' title='bbox 395 2502 617 2553; x_wconf 70' lang='lat' dir='ltr'>dubiam</span> <span class='ocrx_word' id='word_1_288' title='bbox 641 2505 721 2552; x_wconf 72' lang='lat' dir='ltr'>est</span> <span class='ocrx_word' id='word_1_289' title='bbox 739 2505 837 2553; x_wconf 89' lang='lat' dir='ltr'>cet.</span> <span class='ocrx_word' id='word_1_290' title='bbox 892 2499 1012 2553; x_wconf 83' lang='lat' dir='ltr'>Man</span> <span class='ocrx_word' id='word_1_291' title='bbox 1033 2501 1251 2554; x_wconf 84' lang='lat' dir='ltr'>beachte</span> <span class='ocrx_word' id='word_1_292' title='bbox 1352 2501 1514 2554; x_wconf 85' lang='lat' dir='ltr'>licher</span> <span class='ocrx_word' id='word_1_293' title='bbox 1547 2500 1747 2553; x_wconf 85' lang='lat' dir='ltr'>freilich</span> <span class='ocrx_word' id='word_1_294' title='bbox 1782 2515 1884 2553; x_wconf 87' lang='lat' dir='ltr'>von</span> <span class='ocrx_word' id='word_1_295' title='bbox 1922 2504 2079 2567; x_wconf 77' lang='lat' dir='ltr'>guten</span> <span class='ocrx_word' id='word_1_296' title='bbox 2112 2501 2327 2569; x_wconf 77' lang='lat' dir='ltr'>Dingen.</span> 
     </span>
    </p>
   </div>
   <div class='ocr_carea' id='block_1_7' title="bbox 154 2568 2375 2703">
    <p class='ocr_par' dir='ltr' id='par_1_7' title="bbox 154 2568 2375 2703">
     <span class='ocr_line' id='line_1_31' title="bbox 189 2568 2375 2633; baseline 0.001 -12"><span class='ocrx_word' id='word_1_297' title='bbox 189 2601 203 2610; x_wconf 88' lang='lat'><strong>·</strong></span> <span class='ocrx_word' id='word_1_298' title='bbox 227 2568 328 2622; x_wconf 90' lang='lat' dir='ltr'>den</span> <span class='ocrx_word' id='word_1_299' title='bbox 365 2569 533 2622; x_wconf 85' lang='lat' dir='ltr'>Zirkel</span> <span class='ocrx_word' id='word_1_300' title='bbox 568 2570 621 2621; x_wconf 90' lang='lat' dir='ltr'>in</span> <span class='ocrx_word' id='word_1_301' title='bbox 657 2568 754 2621; x_wconf 88' lang='lat' dir='ltr'>den</span> <span class='ocrx_word' id='word_1_302' title='bbox 791 2568 1097 2632; x_wconf 51' lang='lat' dir='ltr'>Gedanken„</span> <span class='ocrx_word' id='word_1_303' title='bbox 1153 2569 1254 2622; x_wconf 86' lang='lat' dir='ltr'>Der</span> <span class='ocrx_word' id='word_1_304' title='bbox 1425 2572 1505 2623; x_wconf 91' lang='grc'>10.</span> <span class='ocrx_word' id='word_1_305' title='bbox 1527 2572 1644 2621; x_wconf 73' lang='lat' dir='ltr'>sine</span> <span class='ocrx_word' id='word_1_306' title='bbox 1664 2572 1826 2631; x_wconf 80' lang='lat' dir='ltr'>metu,</span> <span class='ocrx_word' id='word_1_307' title='bbox 1850 2568 2191 2633; x_wconf 84' lang='lat' dir='ltr'>adjektivisch</span> <span class='ocrx_word' id='word_1_308' title='bbox 2216 2571 2314 2622; x_wconf 78' lang='lat' dir='ltr'>wie</span> <span class='ocrx_word' id='word_1_309' title='bbox 2338 2570 2375 2623; x_wconf 87' lang='lat' dir='ltr'>l.</span> 
     </span>
     <span class='ocr_line' id='line_1_32' title="bbox 154 2636 1965 2703; baseline 0 -14"><span class='ocrx_word' id='word_1_310' title='bbox 154 2694 158 2700; x_wconf 62' lang='grc'>,</span> <span class='ocrx_word' id='word_1_311' title='bbox 225 2636 431 2689; x_wconf 86' lang='lat' dir='ltr'>Redner</span> <span class='ocrx_word' id='word_1_312' title='bbox 455 2637 727 2703; x_wconf 84' lang='lat' dir='ltr'>appelliert</span> <span class='ocrx_word' id='word_1_313' title='bbox 748 2637 905 2690; x_wconf 65' lang='grc' dir='ltr'><strong>δῆθε-ε</strong></span> <span class='ocrx_word' id='word_1_314' title='bbox 925 2636 1083 2690; x_wconf 86' lang='lat' dir='ltr'>durch</span> <span class='ocrx_word' id='word_1_315' title='bbox 1102 2637 1249 2689; x_wconf 86' lang='lat' dir='ltr'>einen</span> <span class='ocrx_word' id='word_1_316' title='bbox 1355 2639 1438 2700; x_wconf 90' lang='grc'>22,</span> <span class='ocrx_word' id='word_1_317' title='bbox 1465 2640 1555 2690; x_wconf 87' lang='lat'>51:</span> <span class='ocrx_word' id='word_1_318' title='bbox 1591 2639 1707 2688; x_wconf 71' lang='lat' dir='ltr'>sina</span> <span class='ocrx_word' id='word_1_319' title='bbox 1728 2652 1965 2703; x_wconf 78' lang='lat' dir='ltr'>corpore.</span> 
     </span>
    </p>
   </div>
   <div class='ocr_carea' id='block_1_8' title="bbox 226 2704 2377 3040">
    <p class='ocr_par' dir='ltr' id='par_1_8' title="bbox 226 2704 2377 3040">
     <span class='ocr_line' id='line_1_33' title="bbox 227 2704 2377 2771; baseline 0 -14"><span class='ocrx_word' id='word_1_320' title='bbox 227 2704 418 2757; x_wconf 87' lang='lat' dir='ltr'>Schein</span> <span class='ocrx_word' id='word_1_321' title='bbox 463 2704 554 2757; x_wconf 86' lang='lat' dir='ltr'>der</span> <span class='ocrx_word' id='word_1_322' title='bbox 585 2706 1006 2771; x_wconf 77' lang='lat' dir='ltr'>Argumentation</span> <span class='ocrx_word' id='word_1_323' title='bbox 1052 2706 1145 2757; x_wconf 88' lang='lat' dir='ltr'>mit</span> <span class='ocrx_word' id='word_1_324' title='bbox 1179 2722 1252 2757; x_wconf 81' lang='lat' dir='ltr'>an</span> <span class='ocrx_word' id='word_1_325' title='bbox 1426 2708 1506 2758; x_wconf 90' lang='lat'>11.</span> <span class='ocrx_word' id='word_1_326' title='bbox 1555 2705 1704 2769; x_wconf 75' lang='lat' dir='ltr'>Quae</span> <span class='ocrx_word' id='word_1_327' title='bbox 1736 2710 1815 2756; x_wconf 74' lang='lat' dir='ltr'>est</span> <span class='ocrx_word' id='word_1_328' title='bbox 1857 2708 1999 2755; x_wconf 77' lang='lat' dir='ltr'>enim</span> <span class='ocrx_word' id='word_1_329' title='bbox 2033 2709 2134 2758; x_wconf 89' lang='lat' dir='ltr'>cet.</span> <span class='ocrx_word' id='word_1_330' title='bbox 2180 2706 2377 2759; x_wconf 68' lang='lat' dir='ltr'>enthfilt</span> 
     </span>
     <span class='ocr_line' id='line_1_34' title="bbox 227 2771 2376 2841; baseline 0.001 -16"><span class='ocrx_word' id='word_1_331' title='bbox 227 2788 294 2825; x_wconf 88' lang='lat' dir='ltr'>an</span> <span class='ocrx_word' id='word_1_332' title='bbox 331 2771 423 2825; x_wconf 85' lang='lat' dir='ltr'>das</span> <span class='ocrx_word' id='word_1_333' title='bbox 454 2773 756 2840; x_wconf 77' lang='lat' dir='ltr'>allgemeine</span> <span class='ocrx_word' id='word_1_334' title='bbox 780 2772 1126 2826; x_wconf 82' lang='lat' dir='ltr'>Bewutstsein</span> <span class='ocrx_word' id='word_1_335' title='bbox 1145 2789 1249 2826; x_wconf 84' lang='lat' dir='ltr'>von</span> <span class='ocrx_word' id='word_1_336' title='bbox 1354 2772 1437 2825; x_wconf 87' lang='lat' dir='ltr'>die</span> <span class='ocrx_word' id='word_1_337' title='bbox 1478 2772 1817 2839; x_wconf 67' lang='lat' dir='ltr'>Erlfiuterung</span> <span class='ocrx_word' id='word_1_338' title='bbox 1862 2772 1955 2825; x_wconf 86' lang='lat' dir='ltr'>des</span> <span class='ocrx_word' id='word_1_339' title='bbox 1991 2772 2376 2841; x_wconf 71' lang='lat' dir='ltr'>Vorhergehen-</span> 
     </span>
     <span class='ocr_line' id='line_1_35' title="bbox 227 2840 2375 2908; baseline 0.001 -16"><span class='ocrx_word' id='word_1_340' title='bbox 227 2840 318 2893; x_wconf 88' lang='lat' dir='ltr'>der</span> <span class='ocrx_word' id='word_1_341' title='bbox 330 2840 750 2908; x_wconf 79' lang='lat' dir='ltr'>Notwendigkeit</span> <span class='ocrx_word' id='word_1_342' title='bbox 771 2841 894 2893; x_wconf 87' lang='lat' dir='ltr'>oder</span> <span class='ocrx_word' id='word_1_343' title='bbox 907 2840 1251 2907; x_wconf 65' lang='lat' dir='ltr'>zulassigkeit</span> <span class='ocrx_word' id='word_1_344' title='bbox 1351 2841 1469 2905; x_wconf 87' lang='lat' dir='ltr'>den,</span> <span class='ocrx_word' id='word_1_345' title='bbox 1491 2840 1661 2893; x_wconf 87' lang='lat' dir='ltr'>indem</span> <span class='ocrx_word' id='word_1_346' title='bbox 1686 2841 1773 2894; x_wconf 87' lang='lat' dir='ltr'>bei</span> <span class='ocrx_word' id='word_1_347' title='bbox 1794 2843 1841 2892; x_wconf 73' lang='lat' dir='ltr'>is</span> <span class='ocrx_word' id='word_1_348' title='bbox 1865 2842 2137 2893; x_wconf 75' lang='lat' dir='ltr'>habendus</span> <span class='ocrx_word' id='word_1_349' title='bbox 2158 2847 2238 2893; x_wconf 77' lang='lat' dir='ltr'>est</span> <span class='ocrx_word' id='word_1_350' title='bbox 2257 2842 2375 2895; x_wconf 87' lang='lat' dir='ltr'>dem</span> 
     </span>
     <span class='ocr_line' id='line_1_36' title="bbox 226 2908 2375 2977; baseline 0.001 -17"><span class='ocrx_word' id='word_1_351' title='bbox 226 2909 397 2961; x_wconf 86' lang='lat' dir='ltr'>seiner</span> <span class='ocrx_word' id='word_1_352' title='bbox 442 2908 784 2977; x_wconf 79' lang='lat' dir='ltr'>Behanptung</span> <span class='ocrx_word' id='word_1_353' title='bbox 830 2909 937 2961; x_wconf 84' lang='lat' dir='ltr'>und</span> <span class='ocrx_word' id='word_1_354' title='bbox 980 2910 1251 2977; x_wconf 81' lang='lat' dir='ltr'>captiviert</span> <span class='ocrx_word' id='word_1_355' title='bbox 1351 2908 1720 2962; x_wconf 84' lang='lat' dir='ltr'>Schriftsteller</span> <span class='ocrx_word' id='word_1_356' title='bbox 1740 2908 1933 2962; x_wconf 82' lang='lat' dir='ltr'>bereits</span> <span class='ocrx_word' id='word_1_357' title='bbox 1956 2909 2045 2962; x_wconf 83' lang='lat' dir='ltr'>der</span> <span class='ocrx_word' id='word_1_358' title='bbox 2070 2909 2268 2977; x_wconf 79' lang='lat' dir='ltr'>Begriff</span> <span class='ocrx_word' id='word_1_359' title='bbox 2284 2910 2375 2964; x_wconf 88' lang='lat' dir='ltr'>des</span> 
     </span>
     <span class='ocr_line' id='line_1_37' title="bbox 226 2976 1923 3040; baseline 0.001 -12"><span class='ocrx_word' id='word_1_360' title='bbox 226 2977 383 3029; x_wconf 90' lang='lat' dir='ltr'>somit</span> <span class='ocrx_word' id='word_1_361' title='bbox 418 2976 670 3030; x_wconf 84' lang='lat' dir='ltr'>dasselbe.</span> <span class='ocrx_word' id='word_1_362' title='bbox 1351 2976 1514 3040; x_wconf 76' lang='lat' dir='ltr'>fortis</span> <span class='ocrx_word' id='word_1_363' title='bbox 1544 2977 1923 3031; x_wconf 83' lang='lat' dir='ltr'>vorschwebte.</span> 
     </span>
    </p>
   </div>
   <div class='ocr_carea' id='block_1_9' title="bbox 158 3037 2376 3384">
    <p class='ocr_par' dir='ltr' id='par_1_9' title="bbox 296 3037 2375 3111">
     <span class='ocr_line' id='line_1_38' title="bbox 296 3037 2375 3111; baseline 0.001 -14"><span class='ocrx_word' id='word_1_364' title='bbox 296 3047 343 3098; x_wconf 88' lang='lat'>3.</span> <span class='ocrx_word' id='word_1_365' title='bbox 391 3045 691 3097; x_wconf 78' lang='lat' dir='ltr'>habendum</span> <span class='ocrx_word' id='word_1_366' title='bbox 730 3048 792 3096; x_wconf 80' lang='lat' dir='ltr'>in</span> <span class='ocrx_word' id='word_1_367' title='bbox 835 3061 894 3096; x_wconf 78' lang='lat' dir='ltr'>eo</span> <span class='ocrx_word' id='word_1_368' title='bbox 934 3061 1134 3110; x_wconf 74' lang='lat' dir='ltr'>genere</span> <span class='ocrx_word' id='word_1_369' title='bbox 1158 3037 1249 3099; x_wconf 82' lang='lat' dir='ltr'>‘zu</span> <span class='ocrx_word' id='word_1_370' title='bbox 1424 3048 1503 3099; x_wconf 85' lang='lat'>13.</span> <span class='ocrx_word' id='word_1_371' title='bbox 1533 3046 1755 3111; x_wconf 79' lang='lat' dir='ltr'>procul,</span> <span class='ocrx_word' id='word_1_372' title='bbox 1788 3045 1899 3097; x_wconf 84' lang='lat' dir='ltr'>hier</span> <span class='ocrx_word' id='word_1_373' title='bbox 1932 3045 2002 3097; x_wconf 92' lang='lat' dir='ltr'>im</span> <span class='ocrx_word' id='word_1_374' title='bbox 2039 3043 2197 3099; x_wconf 89' lang='lat' dir='ltr'>Sinne</span> <span class='ocrx_word' id='word_1_375' title='bbox 2233 3048 2375 3100; x_wconf 86' lang='lat' dir='ltr'>eines</span> 
     </span>
    </p>

    <p class='ocr_par' dir='ltr' id='par_1_10' title="bbox 158 3112 2375 3182">
     <span class='ocr_line' id='line_1_39' title="bbox 158 3112 2375 3182; baseline 0.001 -18"><span class='ocrx_word' id='word_1_376' title='bbox 158 3139 161 3140; x_wconf 25' lang='grc' dir='ltr'><em>ν</em></span> <span class='ocrx_word' id='word_1_377' title='bbox 227 3112 326 3165; x_wconf 88' lang='lat' dir='ltr'>den</span> <span class='ocrx_word' id='word_1_378' title='bbox 349 3112 548 3179; x_wconf 79' lang='lat' dir='ltr'>Diogen</span> <span class='ocrx_word' id='word_1_379' title='bbox 585 3113 880 3180; x_wconf 74' lang='lat' dir='ltr'>derJenigen</span> <span class='ocrx_word' id='word_1_380' title='bbox 905 3113 999 3166; x_wconf 86' lang='lat' dir='ltr'>Art</span> <span class='ocrx_word' id='word_1_381' title='bbox 1022 3130 1087 3168; x_wconf 82' lang='lat' dir='ltr'>zu</span> <span class='ocrx_word' id='word_1_382' title='bbox 1108 3114 1252 3166; x_wconf 84' lang='lat' dir='ltr'>rech·</span> <span class='ocrx_word' id='word_1_383' title='bbox 1352 3113 1627 3178; x_wconf 84' lang='lat' dir='ltr'>Adjektivs</span> <span class='ocrx_word' id='word_1_384' title='bbox 1662 3114 1858 3179; x_wconf 76' lang='lat' dir='ltr'>(liber),</span> <span class='ocrx_word' id='word_1_385' title='bbox 1897 3113 1998 3166; x_wconf 86' lang='lat' dir='ltr'>wie</span> <span class='ocrx_word' id='word_1_386' title='bbox 2033 3115 2278 3182; x_wconf 72' lang='lat' dir='ltr'>deinceps</span> <span class='ocrx_word' id='word_1_387' title='bbox 2311 3114 2375 3167; x_wconf 89' lang='lat' dir='ltr'>de</span> 
     </span>
    </p>

    <p class='ocr_par' dir='ltr' id='par_1_11' title="bbox 225 3175 2376 3317">
     <span class='ocr_line' id='line_1_40' title="bbox 225 3175 2376 3250; baseline 0.001 -18"><span class='ocrx_word' id='word_1_388' title='bbox 225 3196 326 3233; x_wconf 89' lang='lat' dir='ltr'>nen</span> <span class='ocrx_word' id='word_1_389' title='bbox 362 3175 474 3233; x_wconf 87' lang='lat'>—’.</span> <span class='ocrx_word' id='word_1_390' title='bbox 1353 3197 1428 3234; x_wconf 85' lang='lat' dir='ltr'>or.</span> <span class='ocrx_word' id='word_1_391' title='bbox 1452 3181 1529 3233; x_wconf 91' lang='lat'>111.</span> <span class='ocrx_word' id='word_1_392' title='bbox 1552 3185 1637 3248; x_wconf 81' lang='lat'>47,</span> <span class='ocrx_word' id='word_1_393' title='bbox 1659 3184 1781 3236; x_wconf 84' lang='lat'>183:</span> <span class='ocrx_word' id='word_1_394' title='bbox 1805 3199 1840 3233; x_wconf 87' lang='lat' dir='ltr'>a</span> <span class='ocrx_word' id='word_1_395' title='bbox 1865 3184 2109 3234; x_wconf 71' lang='lat' dir='ltr'>brevibus</span> <span class='ocrx_word' id='word_1_396' title='bbox 2131 3183 2376 3250; x_wconf 71' lang='lat' dir='ltr'>deinceps</span> 
     </span>
     <span class='ocr_line' id='line_1_41' title="bbox 297 3247 2020 3317; baseline 0.002 -18"><span class='ocrx_word' id='word_1_397' title='bbox 297 3249 641 3315; x_wconf 73' lang='lat' dir='ltr'>compleatur,</span> <span class='ocrx_word' id='word_1_398' title='bbox 674 3247 780 3315; x_wconf 78' lang='lat' dir='ltr'>vgl.</span> <span class='ocrx_word' id='word_1_399' title='bbox 808 3250 889 3311; x_wconf 89' lang='grc'>16,</span> <span class='ocrx_word' id='word_1_400' title='bbox 914 3250 1008 3300; x_wconf 84' lang='lat'>47:</span> <span class='ocrx_word' id='word_1_401' title='bbox 1041 3249 1136 3300; x_wconf 73' lang='lat' dir='ltr'>sed</span> <span class='ocrx_word' id='word_1_402' title='bbox 1168 3250 1253 3300; x_wconf 77' lang='lat' dir='ltr'>hie</span> <span class='ocrx_word' id='word_1_403' title='bbox 1353 3251 1550 3310; x_wconf 66' lang='grc' dir='ltr'><strong>ινίῠιιες</strong></span> <span class='ocrx_word' id='word_1_404' title='bbox 1588 3248 1759 3317; x_wconf 74' lang='lat' dir='ltr'>hiinfig</span> <span class='ocrx_word' id='word_1_405' title='bbox 1794 3250 1876 3302; x_wconf 91' lang='lat' dir='ltr'>bei</span> <span class='ocrx_word' id='word_1_406' title='bbox 1912 3249 2020 3303; x_wconf 83' lang='lat' dir='ltr'>Liv.</span> 
     </span>
    </p>

    <p class='ocr_par' dir='ltr' id='par_1_12' title="bbox 225 3315 2373 3384">
     <span class='ocr_line' id='line_1_42' title="bbox 225 3315 2373 3384; baseline 0.001 -17"><span class='ocrx_word' id='word_1_407' title='bbox 225 3320 395 3368; x_wconf 79' lang='lat' dir='ltr'>vitam</span> <span class='ocrx_word' id='word_1_408' title='bbox 430 3320 639 3368; x_wconf 80' lang='lat' dir='ltr'>beatam</span> <span class='ocrx_word' id='word_1_409' title='bbox 673 3318 929 3383; x_wconf 78' lang='lat' dir='ltr'>compleri</span> <span class='ocrx_word' id='word_1_410' title='bbox 960 3322 1174 3382; x_wconf 77' lang='lat' dir='ltr'>negant.</span> <span class='ocrx_word' id='word_1_411' title='bbox 1420 3319 1595 3384; x_wconf 79' lang='lat' dir='ltr'>Atque</span> <span class='ocrx_word' id='word_1_412' title='bbox 1629 3321 1757 3370; x_wconf 81' lang='lat' dir='ltr'>haec</span> <span class='ocrx_word' id='word_1_413' title='bbox 1790 3323 1931 3369; x_wconf 77' lang='lat' dir='ltr'>certe</span> <span class='ocrx_word' id='word_1_414' title='bbox 1965 3321 2062 3370; x_wconf 89' lang='lat' dir='ltr'>cet.</span> <span class='ocrx_word' id='word_1_415' title='bbox 2116 3315 2269 3369; x_wconf 90' lang='lat' dir='ltr'>Sinn:</span> <span class='ocrx_word' id='word_1_416' title='bbox 2304 3315 2373 3370; x_wconf 91' lang='lat' dir='ltr'>Es</span> 
     </span>
    </p>
   </div>
   <div class='ocr_carea' id='block_1_10' title="bbox 221 3384 2376 3928">
    <p class='ocr_par' dir='ltr' id='par_1_13' title="bbox 221 3384 2376 3928">
     <span class='ocr_line' id='line_1_43' title="bbox 300 3384 2375 3451; baseline 0 -14"><span class='ocrx_word' id='word_1_417' title='bbox 300 3388 349 3437; x_wconf 89' lang='lat'>7.</span> <span class='ocrx_word' id='word_1_418' title='bbox 383 3390 543 3451; x_wconf 77' lang='lat' dir='ltr'>atque</span> <span class='ocrx_word' id='word_1_419' title='bbox 581 3387 850 3437; x_wconf 76' lang='lat' dir='ltr'>munitum</span> <span class='ocrx_word' id='word_1_420' title='bbox 889 3385 958 3436; x_wconf 88' lang='lat' dir='ltr'>ist</span> <span class='ocrx_word' id='word_1_421' title='bbox 991 3385 1134 3437; x_wconf 90' lang='lat' dir='ltr'>nicht</span> <span class='ocrx_word' id='word_1_422' title='bbox 1167 3385 1250 3438; x_wconf 88' lang='lat' dir='ltr'>ein</span> <span class='ocrx_word' id='word_1_423' title='bbox 1353 3385 1548 3438; x_wconf 72' lang='lat' dir='ltr'>konnte</span> <span class='ocrx_word' id='word_1_424' title='bbox 1606 3387 1797 3438; x_wconf 87' lang='lat' dir='ltr'>ebenso</span> <span class='ocrx_word' id='word_1_425' title='bbox 1856 3384 1989 3437; x_wconf 84' lang='lat' dir='ltr'>weni</span> <span class='ocrx_word' id='word_1_426' title='bbox 2079 3398 2183 3436; x_wconf 88' lang='lat' dir='ltr'>von</span> <span class='ocrx_word' id='word_1_427' title='bbox 2235 3384 2375 3437; x_wconf 87' lang='lat' dir='ltr'>einer</span> 
     </span>
     <span class='ocr_line' id='line_1_44' title="bbox 227 3450 2373 3518; baseline 0.001 -14"><span class='ocrx_word' id='word_1_428' title='bbox 227 3452 606 3518; x_wconf 77' lang='lat' dir='ltr'>selbstiindiges</span> <span class='ocrx_word' id='word_1_429' title='bbox 630 3452 778 3507; x_wconf 89' lang='lat' dir='ltr'>Glied</span> <span class='ocrx_word' id='word_1_430' title='bbox 809 3452 899 3505; x_wconf 84' lang='lat' dir='ltr'>der</span> <span class='ocrx_word' id='word_1_431' title='bbox 921 3450 1096 3517; x_wconf 85' lang='lat' dir='ltr'>Reihe,</span> <span class='ocrx_word' id='word_1_432' title='bbox 1134 3468 1252 3505; x_wconf 89' lang='lat' dir='ltr'>son-</span> <span class='ocrx_word' id='word_1_433' title='bbox 1352 3454 1670 3506; x_wconf 83' lang='lat' dir='ltr'>furchtlosen</span> <span class='ocrx_word' id='word_1_434' title='bbox 1716 3454 1793 3506; x_wconf 84' lang='lat' dir='ltr'>als</span> <span class='ocrx_word' id='word_1_435' title='bbox 1837 3468 1939 3505; x_wconf 83' lang='lat' dir='ltr'>von</span> <span class='ocrx_word' id='word_1_436' title='bbox 2032 3452 2373 3506; x_wconf 77' lang='lat' dir='ltr'>ekiimmernis</span> 
     </span>
     <span class='ocr_line' id='line_1_45' title="bbox 226 3519 2372 3585; baseline 0.001 -14"><span class='ocrx_word' id='word_1_437' title='bbox 226 3519 352 3572; x_wconf 89' lang='lat' dir='ltr'>dern</span> <span class='ocrx_word' id='word_1_438' title='bbox 375 3520 607 3573; x_wconf 81' lang='lat' dir='ltr'>schliesst</span> <span class='ocrx_word' id='word_1_439' title='bbox 636 3521 748 3573; x_wconf 89' lang='lat' dir='ltr'>sich</span> <span class='ocrx_word' id='word_1_440' title='bbox 781 3536 876 3573; x_wconf 89' lang='lat' dir='ltr'>nur</span> <span class='ocrx_word' id='word_1_441' title='bbox 912 3535 976 3572; x_wconf 86' lang='lat' dir='ltr'>an</span> <span class='ocrx_word' id='word_1_442' title='bbox 1010 3537 1071 3573; x_wconf 72' lang='lat' dir='ltr'>sa</span> <span class='ocrx_word' id='word_1_443' title='bbox 1141 3526 1251 3573; x_wconf 72' lang='lat' dir='ltr'>mm</span> <span class='ocrx_word' id='word_1_444' title='bbox 1352 3522 1514 3574; x_wconf 85' lang='lat' dir='ltr'>freien</span> <span class='ocrx_word' id='word_1_445' title='bbox 1532 3520 1801 3584; x_wconf 76' lang='lat' dir='ltr'>fortitudo</span> <span class='ocrx_word' id='word_1_446' title='bbox 1820 3520 1903 3574; x_wconf 89' lang='lat' dir='ltr'>die</span> <span class='ocrx_word' id='word_1_447' title='bbox 1917 3519 2058 3573; x_wconf 86' lang='lat' dir='ltr'>Rede</span> <span class='ocrx_word' id='word_1_448' title='bbox 2076 3521 2202 3585; x_wconf 88' lang='lat' dir='ltr'>sein,</span> <span class='ocrx_word' id='word_1_449' title='bbox 2221 3536 2372 3573; x_wconf 83' lang='lat' dir='ltr'>wenn</span> 
     </span>
     <span class='ocr_line' id='line_1_46' title="bbox 225 3587 2376 3655; baseline 0 -14"><span class='ocrx_word' id='word_1_450' title='bbox 225 3604 320 3641; x_wconf 82' lang='lat' dir='ltr'>an:</span> <span class='ocrx_word' id='word_1_451' title='bbox 367 3588 523 3640; x_wconf 85' lang='lat' dir='ltr'>daher</span> <span class='ocrx_word' id='word_1_452' title='bbox 568 3588 650 3641; x_wconf 88' lang='lat' dir='ltr'>die</span> <span class='ocrx_word' id='word_1_453' title='bbox 685 3588 1039 3654; x_wconf 76' lang='lat' dir='ltr'>KonJunktion</span> <span class='ocrx_word' id='word_1_454' title='bbox 1119 3590 1250 3642; x_wconf 80' lang='lat' dir='ltr'>abei.</span> <span class='ocrx_word' id='word_1_455' title='bbox 1351 3590 1496 3643; x_wconf 90' lang='lat' dir='ltr'>nicht</span> <span class='ocrx_word' id='word_1_456' title='bbox 1530 3589 1613 3643; x_wconf 89' lang='lat' dir='ltr'>die</span> <span class='ocrx_word' id='word_1_457' title='bbox 1650 3591 1894 3641; x_wconf 73' lang='lat' dir='ltr'>honestas</span> <span class='ocrx_word' id='word_1_458' title='bbox 1924 3587 2015 3640; x_wconf 86' lang='lat' dir='ltr'>das</span> <span class='ocrx_word' id='word_1_459' title='bbox 2050 3588 2248 3655; x_wconf 77' lang='lat' dir='ltr'>einzige</span> <span class='ocrx_word' id='word_1_460' title='bbox 2273 3588 2376 3642; x_wconf 87' lang='lat' dir='ltr'>Gut</span> 
     </span>
     <span class='ocr_line' id='line_1_47' title="bbox 226 3655 1938 3736; baseline 0.001 -28"><span class='ocrx_word' id='word_1_461' title='bbox 226 3655 299 3708; x_wconf 93' lang='lat' dir='ltr'>So</span> <span class='ocrx_word' id='word_1_462' title='bbox 319 3656 456 3709; x_wconf 84' lang='lat' dir='ltr'>Lael.</span> <span class='ocrx_word' id='word_1_463' title='bbox 475 3658 524 3720; x_wconf 84' lang='lat'>3,</span> <span class='ocrx_word' id='word_1_464' title='bbox 547 3659 634 3711; x_wconf 88' lang='lat'>12:</span> <span class='ocrx_word' id='word_1_465' title='bbox 659 3674 693 3709; x_wconf 89' lang='lat' dir='ltr'>a</span> <span class='ocrx_word' id='word_1_466' title='bbox 709 3658 961 3724; x_wconf 72' lang='lat' dir='ltr'>patribus</span> <span class='ocrx_word' id='word_1_467' title='bbox 983 3660 1251 3725; x_wconf 72' lang='lat' dir='ltr'>conserip-</span> <span class='ocrx_word' id='word_1_468' title='bbox 1352 3659 1509 3710; x_wconf 75' lang='lat' dir='ltr'>wiire.</span> <span class='ocrx_word' id='word_1_469' title='bbox 1922 3713 1938 3736; x_wconf 65' lang='lat'>‚</span> 
     </span>
     <span class='ocr_line' id='line_1_48' title="bbox 225 3716 2374 3791; baseline 0.002 -16"><span class='ocrx_word' id='word_1_470' title='bbox 225 3726 318 3788; x_wconf 74' lang='lat' dir='ltr'>tis,</span> <span class='ocrx_word' id='word_1_471' title='bbox 337 3726 542 3791; x_wconf 78' lang='lat' dir='ltr'>populo</span> <span class='ocrx_word' id='word_1_472' title='bbox 566 3724 824 3790; x_wconf 82' lang='lat' dir='ltr'>Romano,</span> <span class='ocrx_word' id='word_1_473' title='bbox 845 3727 1008 3776; x_wconf 73' lang='lat' dir='ltr'>sociis</span> <span class='ocrx_word' id='word_1_474' title='bbox 1030 3730 1084 3777; x_wconf 77' lang='lat' dir='ltr'>et</span> <span class='ocrx_word' id='word_1_475' title='bbox 1102 3725 1249 3777; x_wconf 79' lang='lat' dir='ltr'>Lati-</span> <span class='ocrx_word' id='word_1_476' title='bbox 1424 3728 1505 3780; x_wconf 83' lang='lat'>14.</span> <span class='ocrx_word' id='word_1_477' title='bbox 1529 3716 1916 3777; x_wconf 76' lang='lat' dir='ltr'>autem‘ferner</span> <span class='ocrx_word' id='word_1_478' title='bbox 1939 3742 1954 3787; x_wconf 75' lang='grc' dir='ltr'><strong>ς</strong></span> <span class='ocrx_word' id='word_1_479' title='bbox 1993 3723 2185 3777; x_wconf 82' lang='lat' dir='ltr'>ebenso</span> <span class='ocrx_word' id='word_1_480' title='bbox 2209 3724 2264 3778; x_wconf 87' lang='lat' dir='ltr'>Z.</span> <span class='ocrx_word' id='word_1_481' title='bbox 2291 3729 2374 3780; x_wconf 88' lang='lat'>18.</span> 
     </span>
     <span class='ocr_line' id='line_1_49' title="bbox 221 3790 2374 3859; baseline 0.001 -15"><span class='ocrx_word' id='word_1_482' title='bbox 221 3795 335 3850; x_wconf 74' lang='lat' dir='ltr'>nis:</span> <span class='ocrx_word' id='word_1_483' title='bbox 370 3790 508 3846; x_wconf 85' lang='lat' dir='ltr'>Orat.</span> <span class='ocrx_word' id='word_1_484' title='bbox 537 3796 617 3858; x_wconf 89' lang='lat'>11,</span> <span class='ocrx_word' id='word_1_485' title='bbox 641 3795 735 3849; x_wconf 71' lang='lat'>362</span> <span class='ocrx_word' id='word_1_486' title='bbox 761 3793 1003 3857; x_wconf 75' lang='lat' dir='ltr'>hom-ida,</span> <span class='ocrx_word' id='word_1_487' title='bbox 1025 3795 1250 3859; x_wconf 68' lang='lat' dir='ltr'>inculta,</span> <span class='ocrx_word' id='word_1_488' title='bbox 1422 3796 1504 3847; x_wconf 89' lang='grc'><strong>20.</strong></span> <span class='ocrx_word' id='word_1_489' title='bbox 1538 3795 1644 3844; x_wconf 74' lang='lat' dir='ltr'>sibi</span> <span class='ocrx_word' id='word_1_490' title='bbox 1675 3807 1769 3844; x_wconf 87' lang='lat' dir='ltr'>vor</span> <span class='ocrx_word' id='word_1_491' title='bbox 1802 3795 1864 3844; x_wconf 77' lang='lat' dir='ltr'>iu</span> <span class='ocrx_word' id='word_1_492' title='bbox 1890 3809 1949 3843; x_wconf 73' lang='lat' dir='ltr'>se</span> <span class='ocrx_word' id='word_1_493' title='bbox 1978 3795 2158 3859; x_wconf 74' lang='lat' dir='ltr'>posita</span> <span class='ocrx_word' id='word_1_494' title='bbox 2191 3793 2260 3845; x_wconf 84' lang='lat' dir='ltr'>ist</span> <span class='ocrx_word' id='word_1_495' title='bbox 2283 3810 2374 3847; x_wconf 80' lang='lat' dir='ltr'>zur</span> 
     </span>
     <span class='ocr_line' id='line_1_50' title="bbox 225 3859 2372 3928; baseline 0.001 -16"><span class='ocrx_word' id='word_1_496' title='bbox 225 3861 414 3912; x_wconf 80' lang='lat' dir='ltr'>abdita</span> <span class='ocrx_word' id='word_1_497' title='bbox 438 3864 492 3911; x_wconf 81' lang='lat' dir='ltr'>et</span> <span class='ocrx_word' id='word_1_498' title='bbox 523 3876 708 3928; x_wconf 82' lang='lat' dir='ltr'>opaea,</span> <span class='ocrx_word' id='word_1_499' title='bbox 742 3861 847 3915; x_wconf 89' lang='lat' dir='ltr'>und</span> <span class='ocrx_word' id='word_1_500' title='bbox 882 3860 1029 3916; x_wconf 77' lang='lat' dir='ltr'>oster.</span> <span class='ocrx_word' id='word_1_501' title='bbox 1087 3861 1247 3915; x_wconf 90' lang='lat' dir='ltr'>Einen</span> <span class='ocrx_word' id='word_1_502' title='bbox 1350 3860 1753 3928; x_wconf 68' lang='lat' dir='ltr'>Beschrfinkung</span> <span class='ocrx_word' id='word_1_503' title='bbox 1772 3859 1862 3914; x_wconf 85' lang='lat' dir='ltr'>des</span> <span class='ocrx_word' id='word_1_504' title='bbox 1880 3863 2063 3913; x_wconf 79' lang='lat' dir='ltr'>omnia</span> <span class='ocrx_word' id='word_1_505' title='bbox 2085 3864 2173 3928; x_wconf 66' lang='lat' dir='ltr'>(aa</span> <span class='ocrx_word' id='word_1_506' title='bbox 2192 3866 2372 3914; x_wconf 79' lang='lat' dir='ltr'>omnia</span> 
     </span>
    </p>
   </div>
   <div class='ocr_carea' id='block_1_11' title="bbox 2417 799 2476 851">
    <p class='ocr_par' dir='ltr' id='par_1_14' title="bbox 2417 799 2476 851">
     <span class='ocr_line' id='line_1_51' title="bbox 2417 799 2476 851; baseline 0 0"><span class='ocrx_word' id='word_1_507' title='bbox 2417 799 2476 851; x_wconf 81' lang='lat'>41</span> 
     </span>
    </p>
   </div>
   <div class='ocr_carea' id='block_1_12' title="bbox 2418 1393 2478 1444">
    <p class='ocr_par' dir='ltr' id='par_1_15' title="bbox 2418 1393 2478 1444">
     <span class='ocr_line' id='line_1_52' title="bbox 2418 1393 2478 1444; baseline 0 0"><span class='ocrx_word' id='word_1_508' title='bbox 2418 1393 2478 1444; x_wconf 80' lang='lat'>42</span> 
     </span>
    </p>
   </div>
  </div>
 </body>
</html>
