2834 4317
918 171 1106 225 menn
1139 170 1201 226 v,
1238 176 1322 239 34,
1341 175 1422 228 98.
1447 176 1530 227 99.
1570 176 1790 239 35,100.
1890 174 2393 331 ὼωὸὃ

237 349 309 409 in
337 362 471 406 casa
497 344 667 424 panis
697 344 865 405 datus
889 351 1063 418 esset,
1096 343 1244 405 nihil
1263 346 1452 406 visum
1477 355 1566 407 est
1595 345 1695 407 illo
1726 364 1879 426 pane
1908 333 2243 410 iucundius.
2288 349 2397 410 So-

238 439 452 495 craten
478 430 698 504 ferunt,
726 447 861 490 cum
873 448 1065 509 usque
1089 431 1159 490 ad
1197 448 1507 510 vesperum
1523 431 1862 493 contentius
1876 428 2398 512 amb‘ularetquae-

239 519 549 595 situmque
573 523 728 576 esset
749 533 821 575 ex
844 533 915 575 eo
941 532 1056 593 qua
1078 533 1143 577 re
1167 514 1224 576 id
1248 516 1487 591 faceret,
1521 517 1901 595 respondisse
1923 536 2006 591 se,
2038 536 2157 597 quo
2187 519 2396 580 melius

243 609 509 676 cenaret,
704 585 1224 699 *imiambqlando
1248 601 1483 662 famem.
1538 600 1736 674 Quid?
1759 602 1975 663 victum
2006 602 2402 666 Lacedaemo·
2428 616 2487 668 98

149 695 187 744 5
241 688 487 749 niorum
517 685 535 747 i
686 706 704 745 1
778 705 845 746 is
869 703 1075 746 nonne
1096 684 1411 747 videmus?
1444 687 1556 749 Ubi
1588 705 1724 748 cum
1752 695 2042 767 tyrannus
2071 690 2400 752 cenavisset

246 771 599 852 Dionysius,
633 769 867 850 negavit
896 789 960 831 se
990 770 1119 831 iure
1149 770 1249 832 illo
1279 772 1472 851 nigro,
1507 773 2090 853 qqugnaenaput
2119 783 2261 849 erat,
2294 776 2396 836 de-

243 859 548 919 lectatum.
596 856 746 916 Tum
779 855 849 929 is,
882 856 982 934 qui
1013 855 1107 916 illa
1140 867 1409 917 coxerat:
1439 850 1708 919 ‘Minime
1738 857 1984 934 mirum3
2018 859 2396 921 condimenta

246 943 410 1004 enim
440 931 800 1003 defuerunt'.
846 933 1040 1012 ‘Quae
1070 941 1310 1002 tandem
1328 933 1384 1002 ‘2'
1423 942 1617 1022 inquit
1644 943 1759 1004 ille.
1817 936 2041 1004 ‘Labor
2069 944 2131 1005 in
2164 954 2395 1020 venatu,

246 1028 452 1102 sudor,
483 1045 694 1088 cursus
706 1021 798 1087 ‘ad
827 1026 1129 1100 Eurotam,
1162 1028 1363 1102 fameS,
1394 1028 1550 1104 sitis;
1582 1029 1671 1090 his
1702 1028 1862 1089 enim
1892 1029 2071 1091 rebus
2103 1029 2397 1091 Lacedae-

103 1123 192 1175 10
243 1112 584 1174 moniorum
636 1111 842 1191 epulae
903 1102 1316 1173 condiuntur².
1405 1114 1599 1192 Atque
1642 1114 1756 1175 hoc
1802 1132 1925 1175 non
1972 1132 2042 1174 ex
2087 1115 2397 1177 hominum

247 1216 415 1260 more
445 1198 668 1271 solum,
700 1197 802 1258 sed
833 1196 1008 1259 etiam
1038 1216 1110 1258 ex
1143 1196 1345 1343 ῦβεξίε
1376 1198 1394 1258 i
1443 1208 1464 1258 t
1502 1198 1638 1278 llegi
1669 1206 1894 1279 potest,
1926 1217 2095 1278 quae,
2131 1209 2199 1261 ut
2228 1201 2396 1278 quic-

248 1284 389 1362 quid
414 1283 710 1344 obiectum
734 1291 840 1357 est,
873 1301 912 1362 q
1060 1300 1159 1344 mo
1202 1302 1236 1344 o
1333 1217 1543 1364 &a
1575 1303 1697 1345 non
1730 1284 1806 1346 sit
1834 1283 2111 1358 alienum,
2144 1304 2215 1345 eo
2246 1304 2394 1347 con-

245 1378 446 1430 tentae
471 1387 594 1429 non
627 1386 740 1446 qua
904 1368 1217 1448 tamplius.
1266 1368 1539 1430 Civitates
1569 1369 1855 1448 quaedam
1884 1371 2192 1431 universae
2221 1389 2387 1432 more
2420 1383 2480 1434 99

246 1454 453 1515 doctae
496 1384 1282 1538 pb'rsfffissffielectantun
1325 1464 1394 1515 ut
1423 1455 1496 1516 de
1533 1454 2016 1553 Lacwis
2046 1455 2221 1535 paulo
2253 1466 2390 1517 ante

104 1549 202 1600 15
246 1539 516 1601 diximus.
584 1539 960 1600 Persarum‘a
988 1537 1390 1618 Xenophonte
1420 1541 1608 1601 victus
1639 1526 1987 1685 exgossiturss
2032 1560 2183 1620 quos
2215 1550 2392 1620 negat

247 1625 319 1684 ad
361 1642 576 1704 panem
621 1622 900 1684 adhibere
933 1624 1245 1703 quicquam
1280 1634 1516 1703 praeter
1548 1644 1583 1684 n
1625 1645 1653 1687 s
1681 1643 1788 1687 uro
1813 1643 1930 1685 um.
2001 1625 2390 1704 Quamquam,
2479 1687 2493 1700 ,

245 1710 295 1771 si
320 1710 604 1788 quaedam
627 1708 800 1770 etiam
826 1708 1091 1770 suaviora
1125 1716 1331 1770 natura
1361 1710 1673 1780 desideret,
1705 1729 1879 1790 quam
1913 1711 2098 1771 multa
2131 1728 2202 1771 ex
2233 1719 2392 1773 terra

245 1792 674 1872 arboribusque
730 1794 1061 1872 gignuntur
1112 1812 1248 1855 cum
1296 1794 1466 1875 copia
1519 1796 1672 1857 facili
1727 1805 1852 1857 tum
1874 1804 2544 1942 W„

244 1879 458 1940 stanti!
504 1877 664 1940 Adde
717 1878 885 1940 siccit
920 1888 1038 1940 tem
1269 1899 1338 1941 co
1388 1901 1417 1942 s
1497 1881 1659 1944 uitur
1686 1882 1843 1942 hanc
1909 1901 1987 1942 on
2018 1891 2302 1943 mennam
2333 1902 2391 1942 m

102 1975 185 2026 2ο
240 1964 425 2037 victu,
468 1964 613 2024 adde
641 1963 702 2024 in
852 1983 926 2025 ia
961 1983 1055 2025 em
1085 1983 1117 2023 v
1155 1965 1209 2025 le
1237 1985 1277 2027 u
1318 1966 1470 2042 in1s;
1516 1967 1724 2028 confer
1755 1966 2053 2042 sudantis,
2083 1966 2388 2040 ructantiS,

243 2051 491 2111 refertos
536 2048 726 2128 epulis
771 2061 1069 2128 tamquam
1103 2050 1331 2130 opimos
1373 2051 1583 2113 boves:
1628 2061 1756 2114 tum
1786 2052 2112 2132 intelleges,
2158 2052 2260 2131 qui
2291 2071 2394 2112 vo-

244 2136 527 2214 luptatem
555 2134 804 2195 maxime
827 2143 1174 2214 sequantur,
1205 2155 1307 2197 eos
1330 2137 1574 2197 minime
1598 2138 1902 2216 consequi,
1936 2137 2390 2198 iucunditatem·
2433 2179 2510 2237 35

249 2238 362 2300 que
391 2220 580 2282 victus
610 2237 738 2280 esse
768 2219 829 2279 in
863 2220 1184 2293 desiderio,
1222 2240 1344 2282 non
1377 2222 1439 2282 in
1473 2222 1756 2283 satietate.
1818 2221 2225 2295 Timotheum,
2271 2221 2389 2282 cla·
2422 2260 2508 2313 100

248 2324 380 2365 rum
409 2304 713 2366 hominem
745 2305 988 2366 Athenis
1021 2315 1079 2366 et
1108 2305 1445 2387 prinoipem
1477 2305 1753 2379 civitatis,
1785 2307 2014 2382 ferunt,
2047 2324 2181 2367 cum
2214 2325 2388 2367 cena-

68 2393 190 2452 *25
244 2390 419 2451 visset
461 2390 615 2469 apud
647 2389 954 2451 Platonem
1001 2408 1190 2469 eoque
1233 2392 1500 2453 convivio
1539 2392 1853 2452 admodum
1885 2391 2207 2453 delectatus
2237 2401 2392 2453 esset

164 2591 185 2606 2
317 2560 361 2608 1.
386 2554 648 2608 Socraten
679 2557 801 2619 (wie
843 2557 877 2610 1.
906 2560 985 2621 10,
1022 2558 1266 2610 21:.Plze-

245 2628 532 2688 rocraten);
568 2625 674 2691 vgl.
710 2625 894 2677 Athen.
930 2624 1011 2679 lv,
1049 2641 1097 2691 p.
1142 2629 1235 2678 157
1253 2647 1265 2678 :

244 2687 476 2760 Σωκρᾶτ
512 2707 537 2743 s
554 2688 614 2745 δὲ
628 2695 719 2744 καὶ
731 2689 987 2745 πολλάκις
1003 2690 1263 2760 κατελαμ-

243 2756 444 2827 βάνετο
503 2761 890 2832 ιαπεριπατῶν
913 2760 1142 2831 ἑσπέρας
1164 2765 1264 2829 βα-

241 2827 406 2880 &aiae
426 2824 533 2896 πρὸ
551 2829 646 2892 τῆς
664 2828 849 2893 οἰκίας,
873 2832 965 2880 καὶ
984 2828 1119 2896 πρὸς
1140 2827 1265 2883 τούς

239 2894 693 2963 πυνθανομένους
706 2912 718 2924 ·
754 2900 818 2949 Ti
846 2893 1104 2962 τηνικάδε
1111 2918 1131 2961 ,·
1153 2895 1264 2951 ἔλε-

1367 2562 1467 2618 est;
1506 2575 1547 2613 s,
1584 2573 1646 2609 zu
1680 2557 1761 2610 lv,
1802 2560 1881 2624 19,
1923 2561 2005 2611 44.

1441 2629 1517 2680 15.
1564 2643 1597 2677 a
1632 2625 2004 2691 Xenophonte:
2048 2627 2236 2694 Cyrop.
2271 2626 2305 2678 l.
2345 2627 2392 2693 2,

1368 2696 1417 2747 8.
1456 2693 1570 2759 Vgl.
1608 2694 1672 2746 de
1707 2692 1794 2745 fin.
1830 2694 1884 2747 11.
1923 2697 2004 2759 28,
2042 2696 2125 2748 92.

1446 2765 1521 2816 18.
1571 2764 1727 2827 copia
1776 2760 1961 2828 facili,
2016 2762 2131 2814 Abl.
2185 2762 2389 2830 qualit.:

1358 2823 1543 2882 ‘leicht
1576 2826 1929 2884 anschaflbar’.

1442 2902 1520 2953 19.
1555 2899 1710 2951 Adde
1732 2926 1798 2936 -
1825 2903 1937 2951 tum
1961 2899 2250 2965 intelleges,
2287 2915 2327 2952 s.
2352 2899 2388 2953 l.

236 2960 490 3036 γενὸψον
508 2963 760 3035 συνάγειν
779 2961 914 3033 πρὸς
930 2961 996 3017 τὸ
1020 2961 1264 3019 δεῖπνον.

311 3035 358 3084 4.
395 3049 655 3098 opsonare
686 3037 810 3098 (von
845 3024 1101 3100 ὅψωνέω)
1124 3029 1261 3100 ‘(als)

238 3099 437 3153 Zukost
480 3095 787 3154 einkausen’.

275 3172 325 3220 5.
342 3172 400 3220 in
410 3171 645 3234 philitiis
660 3196 729 3217 ==
745 3173 805 3222 in
814 3171 1081 3236 phiditiis.
1117 3169 1262 3222 Auch

237 3237 310 3289 im
358 3237 555 3290 Griech.
607 3235 846 3306 φιλίτια,
903 3233 1116 3306 φιδίτια
1158 3239 1262 3290 und

237 3300 500 3374 φειὸίτια.
568 3304 683 3371 Vgl.
721 3305 856 3358 Plut.
893 3305 1015 3374 Lyc.
1057 3309 1137 3359 12.

309 3375 355 3425 6.
389 3374 704 3441 Dionysius,
741 3375 828 3427 der
865 3374 1037 3427 altere.

306 3445 425 3492 iure
463 3442 558 3493 illo
610 3446 798 3508 nigro,
851 3441 1016 3508 ζωμῷ
1060 3442 1262 3494 Λακω-

232 3508 392 3575 νικῷ,
429 3510 597 3576 ζωμῷ
633 3507 842 3576 μέλανι.
866 3539 934 3549 -
961 3503 1260 3576 Caput‘der

233 3573 543 3642 Hauptteil'‚
593 3579 690 3631 wie
728 3578 790 3630 de
826 3594 899 3633 or.
936 3578 970 3630 l.
1009 3581 1091 3643 29,
1137 3581 1257 3632 132:

233 3649 402 3712 caput
434 3662 541 3696 esse
577 3649 716 3697 artis
757 3647 954 3698 decere.

305 3715 352 3765 9.
390 3729 578 3764 cursus
612 3715 686 3765 ad
718 3706 974 3768 Eur.‘am
1011 3707 1258 3768 Eurotas'.

307 3784 386 3833 11.
411 3787 473 3831 ut
489 3783 747 3848 quicquid
773 3785 1035 3835 obiectum
1062 3787 1154 3848 est,
1179 3784 1260 3835 ffir

233 3855 298 3902 ut
333 3849 543 3915 aliquid
579 3852 840 3901 obiectum
876 3856 969 3916 est,
1005 3853 1261 3917 quicquid

1367 2971 1451 3033 13,
1485 2969 1552 3020 30
1588 2983 1652 3018 zu
1692 2966 1839 3019 Tolle
1870 2996 1938 3006 —
1970 2968 2269 3019 sustuleris.

1432 3039 1725 3087 siccitatem
1760 3036 2059 3088 bezeichnet
2081 3036 2177 3087 den
2205 3050 2387 3101 gesun-

1366 3104 1467 3156 den
1493 3104 1720 3156 Zustand
1751 3105 1842 3157 des
1866 3105 2246 3159 menschlichen
2265 3103 2389 3155 Kor-

1403 3186 1485 3224 ers
1528 3172 1598 3222 im
1644 3171 1929 3239 Gegensatz
1982 3188 2146 3240 gegen
2194 3172 2387 3235 Flfisse,

1364 3189 1597 3305 flaturi-h,
1620 3240 2044 3310 Aufschwellung
2068 3257 2115 3294 u.
2129 3239 2231 3309 dgl.
2268 3239 2386 3304 Vgl.

1366 3309 1474 3360 Cat.
1510 3307 1576 3361 M.
1618 3312 1697 3371 10,
1735 3312 1816 3364 34.

1438 3379 1798 3442 consequitur,
1834 3392 1875 3430 ε.
1911 3393 1975 3430 zu
2010 3377 2046 3441 1,
2084 3378 2163 3440 16,
2201 3378 2282 3430 36.

1433 3448 1516 3497 21.
1543 3450 1814 3510 tamquam
1843 3448 2046 3512 opimos
2080 3447 2248 3497 boves.
2294 3444 2385 3499 Die

1361 3512 1517 3565 Alten
1584 3527 1754 3564 waren
1810 3513 1890 3564 bei
1946 3512 2385 3580 Vergleichungen

1361 3582 1592 3647 weniger
1624 3580 1931 3633 wahlerisch
1967 3582 2044 3634 als
2083 3582 2190 3633 wir.

1432 3650 1514 3703 23.
1565 3648 1919 3700 Timotheum:
1974 3650 2178 3702 Gonons
2226 3649 2386 3716 Sohn,

1362 3715 1838 3836 gviederzersteller
1904 3717 1993 3770 der
2050 3718 2380 3771 athenischen

1403 3799 1577 3837 eemac
1616 3790 1652 3836 t.

1436 3855 1518 3905 24.
1546 3855 1868 3920 principem,
1903 3854 2002 3907 wie
2036 3852 2073 3907 l.
2113 3858 2193 3920 15,
2221 3857 2301 3907 34.

2515 747 2522 752 .
2600 691 2657 756 ‘⁷7

2657 786 2680 840 l
