2834 4317
108 1155 166 1206 10

107 1577 165 1629 15

979 210 1164 263 mBER
1197 211 1281 265 lv,
1321 216 1368 280 1,
1387 214 1436 265 3.
1474 215 1523 280 2,
1543 216 1591 267 3.

2277 213 2356 272 55

211 381 499 463 sapientia
546 390 606 443 et
635 381 939 444 nobilitate
972 383 1361 464 Pythagoras,
1408 385 1509 463 qui
1552 386 1668 446 fuit.
1707 386 1765 446 in
1799 382 1961 447 ltalia
1996 387 2368 466 temporibus

211 468 417 539 isdem,
451 468 668 546 quibus
699 468 766 528 L.
798 468 1016 530 Brutus
1045 470 1293 548 patriam
1324 468 1610 542 liberavit,
1648 472 1986 550 praeclarus
2016 480 2225 533 auctor
2257 492 2367 534 no·

212 551 456 613 bilitatis
506 563 660 613 tuae.
737 553 1098 633 Pythagorae
1149 565 1343 615 autem
1396 555 1663 615 doctrina
1716 575 1848 616 cum
1902 557 2079 635 longe
2130 558 2364 637 lateque

208 638 453 710 flueret,
495 638 929 716 permanavisse
960 638 1100 700 mihi
1131 639 1362 700 videtur
1390 639 1449 699 in
1485 639 1637 700 hanc
1669 640 1989 714 civitatem,
2021 642 2196 721 idque
2228 661 2362 703 cum

211 723 553 784 coniectura
587 722 892 802 probabile
924 734 1040 797 est,
1085 735 1209 784 tum
1243 724 1595 802 quibusdam
1628 727 1799 786 etiam
1839 726 2097 805 vestigiis
2131 727 2365 788 >indica-

209 817 328 867 tur.
389 807 536 879 Quis
567 807 724 868 enim
759 817 865 882 est,
903 809 1005 887 qui
1036 818 1224 888 putet,
1257 826 1390 870 cum
1424 809 1665 871 floreret
1694 811 1752 871 in
1788 810 1950 872 Italia
1983 812 2224 873 Graecia
2254 832 2363 892 po-

208 892 577 953 tentissumis
607 903 666 952 et
694 893 960 954 maximis
989 892 1269 969 urbibus,
1316 914 1384 955 ea
1416 913 1563 973 quae
1595 914 1806 975 magna
1838 896 1991 957 dicta
2022 906 2141 969 est,
2169 897 2230 957 in
2263 897 2363 957 iis-

211 996 330 1055 que
373 978 627 1056 primum
673 979 857 1057 ipsius
902 979 1293 1058 Pythagorae,
1347 979 1559 1041 deinde
1612 990 1816 1060 postea
1859 981 2363 1062 Pythagoreorum

211 1072 444 1123 tantum
491 1081 713 1123 nomen
758 1073 941 1135 esset,
994 1063 1336 1125 nostrorum
1381 1065 1687 1126 hominum
1731 1067 1801 1127 ad
1847 1084 2052 1126 eorum
2097 1067 2365 1128 doctissi-

212 1166 336 1209 mas
377 1166 552 1208 voces
595 1148 752 1209 auris
803 1148 1028 1210 clausas
1079 1147 1301 1211 fuisse?
1376 1149 1536 1221 Quin
1591 1150 1764 1211 etiam
1804 1149 2068 1225 varbitror
2118 1160 2367 1232 propter
2409 1160 2440 1210 3

213 1233 711 1313 Pythagoreorum
757 1233 1201 1294 admirationem
1247 1234 1498 1296 Numam
1538 1253 1776 1314 quoque
1829 1253 2027 1314 regem
2074 1235 2364 1316 Pythago-

212 1335 380 1378 reum
427 1336 459 1377 a
495 1318 922 1397 posterioribus
967 1318 1375 1380 existimatum.
1436 1319 1581 1380 Nam
1615 1338 1747 1380 cum
1784 1321 2147 1417 Pythagorae
2187 1321 2362 1382 disci-

211 1402 434 1499 plinam
467 1412 529 1463 et
572 1403 835 1465 instituta
868 1412 1303 1502 cognoscerent
1332 1404 1608 1483 regisque
1640 1405 1766 1466 eius
1796 1405 2150 1483 aequitatem
2182 1415 2241 1466 et
2268 1425 2367 1466 sa-

211 1487 497 1584 pientiam
529 1505 561 1547 a
591 1489 912 1565 maioribus
942 1489 1064 1550 suis
1095 1489 1493 1569 accepissent,
1536 1499 1753 1551 aetates
1783 1499 1993 1552 autem
2009 1501 2067 1551 et
2097 1498 2365 1570 tempora

208 1572 560 1650 ignorarent
588 1583 836 1652 propter
858 1582 1222 1648 vetustatem,
1254 1592 1409 1648 eum,
1443 1574 1545 1653 qui
1575 1576 1862 1654 sapientia
1889 1575 2218 1648 excelleret,
2251 1575 2362 1656 Py-

212 1659 493 1737 thagorae
524 1657 855 1719 auditorem
885 1658 1266 1720 crediderunt
1294 1659 1499 1721 fuisse.

381 1742 458 1802 Et
485 1743 559 1802 de
603 1744 947 1805 coniectura
993 1745 1229 1823 quidem
1272 1745 1578 1805 hactenus.
1639 1743 1891 1822 Vestigia
1920 1752 2117 1805 autem
2147 1745 2359 1825 Pytha·
2393 1748 2433 1802 2

210 1844 529 1904 goreorum
572 1846 925 1924 quamquam
969 1830 1152 1890 multa
1194 1830 1387 1909 colligi
1431 1836 1715 1910 possunt,
1758 1830 1962 1908 paucis
2001 1838 2196 1890 tamen
2228 1839 2362 1891 ute-

212 1929 378 1986 mur,
421 1912 703 1991 quoniam
733 1932 854 1974 non
887 1914 942 1974 id
975 1914 1169 2013 agitur
1212 1916 1324 1976 hoc
1368 1922 1656 1994 tempore.
1716 1915 1862 1975 Nam
1905 1933 2040 1976 cum
2083 1915 2362 1975 carmini-

211 1994 323 2058 bus
347 1997 503 2058 soliti
525 1997 606 2058 illi
631 2016 759 2060 esse
782 1986 1089 2061 dicantur
1079 2011 1137 2060 et
1166 2010 1486 2080 praecepta
1513 2000 1795 2078 quaedam
1821 2000 2109 2062 occultius
2131 2001 2364 2061 tradere

269 2184 314 2232 1.
336 2183 430 2245 qm·
445 2179 558 2241 fuit
576 2186 673 2233 cet.
699 2179 968 2247 Vgl.1.16‚
983 2185 1064 2236 38.
1102 2170 1237 2234 Uber

209 2247 303 2300 des
323 2248 476 2316 Pyth.
495 2249 736 2301 Zeitalter
758 2249 863 2301 und
881 2250 1236 2303 Lebensdauer

209 2317 441 2368 weichen
473 2317 556 2368 die
579 2315 827 2383 Angaben
851 2319 970 2370 sehr
992 2334 1096 2369 von
1131 2319 1237 2370 ein-

207 2384 365 2436 ander
392 2384 475 2450 ab‚
499 2401 578 2437 am
607 2386 1236 2450 wahrscheinlichstenje-

206 2452 420 2505 dochist
428 2452 510 2505 die
522 2453 799 2515 Annahme,
803 2455 915 2506 dats
924 2454 1238 2520 erungeffibr

205 2535 309 2573 von
336 2522 434 2573 580
471 2521 550 2573 bis
576 2524 674 2573 510
701 2538 748 2573 v.
775 2522 889 2574 Chr.
924 2522 1097 2587 gelebt
1130 2523 1235 2576 bat.

274 2590 323 2640 2.
350 2594 542 2640 auctor
557 2590 720 2641 nobil.
746 2594 873 2640 tuae
889 2585 998 2642 ‘der
1017 2590 1235 2642 Stamm-

204 2664 351 2708 vater
395 2656 572 2709 deines
606 2656 754 2709 edeln
803 2652 1210 2712 Geschlechtes'.

203 2724 408 2776 Ebenso
434 2723 574 2777 Brut.
603 2727 694 2789 14,
715 2727 807 2777 53:
849 2726 911 2779 L.
935 2727 1107 2778 Bruto
1131 2728 1234 2793 illi,

203 2793 503 2844 nobilitatis
544 2798 752 2844 vem-ae
780 2796 1037 2874 principi.
1108 2794 1232 2847 Was

204 2860 290 2912 die
323 2859 487 2912 Sache
523 2859 732 2923 betrifft,
767 2877 827 2913 so
862 2862 931 2913 ist
965 2863 1106 2914 diese
1128 2864 1232 2914 An—

204 2928 389 2980 nahme
404 2929 544 2980 wohl
553 2929 745 2981 ebenso
759 2930 1117 2994 nahiston-isch,
1134 2932 1233 2983 wie

203 2995 239 3048 l.
264 2998 344 3059 16,
369 2997 459 3048 38:
493 3012 610 3048 meo
645 3002 910 3062 regnanto
937 2999 1150 3063 gentili.

272 3067 322 3117 4.
363 3065 570 3127 flueret.
656 3064 897 3131 Haufiger
946 3066 1016 3118 ist
1064 3065 1230 3128 fundi

205 3132 308 3183 und
331 3147 555 3184 manare
578 3133 667 3184 der
692 3133 933 3186 bildliche
956 3134 1227 3187 Ausdruck

206 3199 290 3252 ffir
314 3192 446 3251 ‘sich
484 3197 806 3253 ausbreiten'.

275 3271 326 3321 9.
359 3269 434 3319 ad
463 3268 547 3320 bei
583 3269 811 3335 clam,
851 3268 955 3335 vgl.
992 3285 1057 3320 zu
1090 3269 1147 3325 11.
1183 3271 1232 3336 6,

209 3339 302 3390 15:
338 3336 527 3387 docilis
562 3337 635 3387 ad
665 3366 749 3388 —.

277 3407 356 3457 11.
414 3403 648 3455 Numam
713 3433 783 3443 -
815 3406 1231 3472 Pythagoreum.

203 3472 350 3524 Auch
385 3473 491 3524 Liv.
527 3474 561 3524 l.
602 3475 663 3526 18
690 3472 918 3525 verwirft
953 3474 1046 3523 mit
1070 3472 1232 3524 Recbt

203 3539 345 3592 diese
378 3543 501 3602 (von
537 3538 684 3592 Ovid.
721 3539 839 3592 Met.
878 3538 986 3593 XV.
1022 3541 1090 3592 in.
1128 3540 1232 3592 und

203 3607 609 3662 Fast.111.153
656 3623 735 3675 sq.
780 3607 883 3660 und
931 3608 1093 3660 selbst
1126 3623 1230 3660 von

199 3673 400 3728 Plinius
444 3675 887 3728 H.N.x111.13
931 3675 1232 3742 ansgenom·

199 3746 369 3809 mene)
391 3743 523 3811 Sage
543 3745 619 3796 als
634 3743 1078 3805 Anachronismns‚
1097 3748 1232 3795 setzt

198 3812 325 3864 aber
367 3812 466 3864 den
503 3810 825 3880 Pythagoras
872 3813 1072 3863 sehon
1058 3827 1111 3863 m
1146 3811 1228 3864 die

198 3879 311 3931 Zeit
347 3879 438 3932 des
475 3879 686 3933 Servius
720 3878 938 3932 Tulliae.

1408 2185 1489 2235 13.
1515 2186 1835 2249 aequitatem
1857 2205 1925 2226 ===
1947 2185 2238 2249 iustitiam3
2275 2199 2362 2234 ac-

1340 2254 1600 2316 cepissent
1650 2250 1739 2301 der
1795 2250 2187 2316 gebrauchliche
2231 2251 2364 2301 Aus—

1337 2318 1499 2369 druck
1568 2318 1649 2369 fur
1691 2328 1696 2331 ·
1726 2317 1819 2369 das
1889 2318 2132 2369 Erfahren
2202 2318 2362 2370 durch

1336 2385 1647 2450 (mfindliche
1693 2384 1818 2436 oder
1863 2385 2194 2450 schriftliche)
2237 2383 2363 2437 Tra-

1338 2454 1517 2518 dition,
1545 2453 1737 2518 jedoch
1772 2454 1824 2504 in
1860 2452 2028 2505 dieser
2061 2452 2363 2520 Bedeutung

1338 2523 1456 2574 sehr
1508 2522 1701 2585 selten,
1743 2522 1845 2573 wie
1888 2521 2020 2586 hier,
2067 2521 2160 2572 mit
2194 2521 2362 2573 einem

1335 2589 1800 2641 substantivischen
1837 2587 2028 2654 objekt
2048 2589 2361 2642 verbunden.

1408 2660 1488 2709 14.
1527 2661 1725 2708 aetates
1754 2662 1807 2707 et
1840 2663 2104 2724 tempora.
2142 2657 2363 2709 Lebens-

1336 2726 1440 2777 und
1474 2725 1732 2779 Zeitalter.

1406 2797 1486 2846 17.
1535 2794 1607 2844 Et
1641 2793 1706 2842 de
1740 2820 1808 2832 --
1843 2792 2053 2857 quidem
2089 2764 2360 2847 hactenus.

1334 2860 1728 2913 Gewohnlicher
1750 2861 1820 2912 ist
1843 2861 1895 2911 in
1920 2859 2084 2912 dieser
2109 2860 2256 2913 Form
2270 2860 2363 2912 der

1334 2927 1591 2980 'transitio
1616 2933 1799 2994 atqu03
1845 2929 1949 2994 vgl.
1975 2933 2133 2980 unten
2169 2931 2250 2992 31,
2276 2931 2360 2981 65.

1397 2997 1639 3062 Veste‘gia
1662 3002 1837 3047 autem
1871 3002 1970 3049 cet.
2007 2996 2126 3047 nass
2150 2996 2232 3048 die
2256 3012 2360 3048 von

1330 3065 1514 3117 Cicero
1564 3064 1961 3129 beigebrachten
2020 3064 2361 3117 historischen

1334 3132 1533 3200 Spuren
1584 3134 1646 3184 in
1690 3132 1781 3184 der
1834 3131 1999 3183 Sache
2050 3133 2218 3184 nichts
2270 3133 2362 3184 be-

1334 3201 1546 3266 weisen,
1580 3201 1650 3252 ist
1683 3199 1842 3251 leicbt
1875 3200 2199 3284 einansehen.

1410 3271 1489 3321 19.
1532 3240 1647 3319 ’non
1691 3268 1753 3319 id
1784 3271 1974 3352 agitur
2000 3260 2083 3319 ‘es
2117 3268 2187 3319 ist
2219 3266 2362 3318 nicht

1302 3336 1519 3389 -darauf
1549 3330 1873 3401 abgesehen',
1909 3335 2013 3401 vgl.
2048 3333 2084 3387 1.
2121 3336 2203 3397 20,
2239 3335 2323 3386 46.

1402 3407 1486 3459 20.
1525 3404 1807 3455 occultius:
1849 3403 1938 3455 auf
1977 3403 2094 3454 eine
2130 3417 2223 3453 nur
2258 3400 2358 3452 den

1333 3472 1649 3538 vollstiindig
1664 3470 2051 3537 Eingeweihten
2077 3471 2208 3531 (τοῖς
2225 3469 2358 3519 icm-

1330 3538 1969 3660 ‘ffpxlffizgssmffindliche
1991 3536 2191 3656 Woelise.
2216 3535 2365 3656 Diffi.

1817 3625 1884 3659 ον
1916 3623 1979 3657 τε
2011 3624 2044 3657 κ
2134 3602 2191 3657 οἱ
2211 3624 2245 3655 α
2343 3624 2366 3655 ι

1334 3604 1854 3758 Πυθαγόρειοιῗλῖιγὴ
1904 3692 1931 3725 e
1950 3672 2023 3724 ἵν
2045 3692 2081 3724 α
2101 3693 2122 3724 ι
2175 3691 2219 3725 π
2238 3691 2272 3744 ρ
2291 3669 2321 3724 ὸ
2340 3687 2366 3724 e

1333 3740 1423 3797 πά
1441 3760 1608 3795 cvras
1642 3738 1867 3796 πάντα
1903 3739 2105 3824 ῥητά,
2155 3734 2229 3792 ὥς

1333 3827 1427 3863 σιν
1443 3806 1811 3892 Ἀριστόξενος
1834 3811 1896 3861 ἐν
1920 3778 2122 3878 δεκάτῃ
2143 3826 2247 3862 παι
2282 3827 2365 3860 ευ-

1332 3879 1507 3931 τικῶν
1540 3875 1745 3943 νόμων.
