2834 4317
138 1114 202 1166 1o

139 1539 203 1591 15

1006 166 1194 220 LIBER
1227 165 1289 221 V.
1327 171 1409 233 11,
1429 168 1509 220 32.
1530 169 1613 221 33.
2266 166 2384 224 12].

245 347 337 401 est
366 338 559 413 enim,
602 339 762 418 quod
792 339 992 401 minus
1021 339 1363 413 conveniat,
1408 357 1582 418 quam
1615 347 1681 401 ut
1707 339 1789 413 is,
1834 339 1933 419 qui
1974 340 2067 400 vel
2094 357 2387 400 summum

243 422 338 487 vel
366 422 555 485 solum
603 423 822 499 malum
865 424 1131 485 dolorem
1175 443 1303 487 esse
1343 424 1536 498 dicat,
1583 424 1736 486 idem
1766 433 2007 487 censeat
2041 417 2262 496 ‘Quam
2286 424 2391 487 hoc

245 527 423 571 suave
450 519 529 570 eat
542 498 591 571 Γ
656 517 814 584 tum,
860 528 995 571 cum
1026 509 1230 571 dolore
1270 510 1600 582 crucietur,
1642 509 1938 571 dicturum
1983 528 2112 571 esse
2155 510 2389 590 sapien-

247 590 413 655 tem?
472 594 606 655 Non
637 593 817 673 igitur
847 613 915 655 ex
947 594 1194 673 singulis
1238 594 1481 660 vocibus
1522 594 1859 674 philosophi
1886 595 2191 674 spectandi
2221 604 2391 670 sunt,

190 739 200 748 ,
247 678 349 742 sed
382 696 454 739 ex
483 680 875 759 perpetuitate
907 688 1085 758 atque
1117 680 1465 742 constantia.

421 763 485 831 A..
533 764 790 826 Adducis
833 784 926 827 me
975 773 1041 825 ut
1081 765 1190 826 tibi
1221 764 1536 827 adsentiar.
1604 764 1719 826 Sed
1747 771 1847 825 tua
1891 781 2127 843 quoque
2156 764 2285 826 vide
2315 784 2393 827 ne
2425 751 2491 804 Π

248 848 619 910 desideretur
655 849 1006 911 constantia.
1075 850 1158 912 M.
1206 849 1479 920 Quonam
1510 846 1731 911 modo?
1786 848 1854 911 A.
1902 849 2052 920 Quia
2081 850 2195 928 legi
2224 859 2393 911 tuum
2434 830 2491 880 32

248 951 449 1013 nuper
477 943 752 1013 quartum
783 935 856 997 de
882 934 1147 997 Finibus.
1201 934 1270 996 In
1303 953 1374 996 eo
1403 934 1548 996 mihi
1580 933 1849 995 videbare
1881 943 2086 995 contra
2112 934 2392 997 Catonem

175 1038 187 1047 ·
257 1019 556 1081 disserens
585 1020 699 1082 boc
729 1019 876 1081 velle
906 1020 1241 1091 ostendere,
1274 1020 1435 1099 quod
1464 1019 1607 1081 mibi
1639 1019 1875 1098 quidem
1906 1019 2208 1099 probatur,
2238 1021 2396 1083 inter

251 1104 555 1166 Zenonem
601 1114 662 1167 et
692 1105 1113 1186 Peripateticos
1155 1105 1303 1167 nihil
1343 1114 1578 1184 praeter
1604 1103 1921 1165 verborum
1953 1105 2267 1166 novitatem
2298 1106 2393 1167 in-

251 1198 490 1251 teresse.
566 1190 738 1261 Quod
781 1191 831 1252 si
874 1190 951 1252 ita
982 1199 1100 1265 est,
1142 1190 1280 1270 quid
1314 1199 1403 1252 est
1433 1208 1677 1264 causae,
1711 1189 1889 1269 quin,
1932 1189 1979 1251 si
2012 1190 2268 1251 Zenonis
2296 1209 2396 1253 ra-

250 1274 401 1335 tioni
425 1284 895 1337 consentaneum
920 1276 995 1337 sit
1017 1276 1158 1337 satis
1179 1292 1452 1354 magnam
1484 1274 1599 1336 vim
1630 1274 1693 1335 in
1722 1275 1936 1335 virtute
1965 1293 2095 1336 esse
2124 1275 2196 1335 ad
2226 1274 2396 1338 beate

250 1359 595 1434 vivendum,
647 1360 820 1422 liceat
865 1361 1020 1423 idem
1072 1359 1478 1441 Peripateticis
1527 1357 1770 1421 dicere?
1819 1377 1946 1421 rem
1989 1359 2150 1421 enim
2180 1362 2398 1441 opinor

253 1445 509 1524 spectari
538 1456 848 1524 oportere,
881 1465 1005 1508 non
1036 1444 1233 1506 verba.
1298 1445 1382 1507 M.
1429 1445 1521 1506 Tu
1552 1445 1789 1524 quidem
1818 1444 2048 1506 tabellis
2078 1446 2399 1525 obsignatis
2441 1460 2497 1509 33

253 1529 378 1609 agis
399 1548 636 1592 mecum
657 1539 718 1595 et
745 1532 1078 1593 testificaris
1107 1531 1249 1611 quid
1280 1530 1529 1594 dixerim
1560 1530 1874 1609 aliquando
1906 1539 2006 1591 aut
2035 1530 2395 1610 scripserim.

254 1614 401 1676 Cum
426 1615 555 1677 aliis
577 1616 690 1677 isto
714 1617 912 1692 modo,
945 1617 1049 1695 qui
1074 1616 1302 1697 legibus
1332 1614 1623 1695 impositis
1651 1614 1974 1694 disputant,
2005 1634 2117 1679 nos
2147 1615 2208 1677 in
2240 1616 2397 1680 diem
2461 1643 2468 1650 ⁷

249 1700 532 1777 vivimus3
579 1702 996 1781 quodcumque
1029 1711 1264 1764 nostros
1293 1701 1525 1763 animos
1552 1700 1969 1779 probabilitate
1997 1700 2306 1780 percussit,
2337 1702 2398 1763 id

253 1784 534 1861 dicimuS,
579 1786 778 1867 itaque
820 1787 930 1849 soli
970 1806 1176 1850 sumus
1214 1786 1408 1848 liberi.
1475 1786 1692 1847 Verum
1735 1793 1965 1859 tamen,
2008 1786 2291 1865 quoniam
2325 1787 2399 1848 de

258 1872 592 1933 constantia
617 1872 793 1952 paulo
825 1880 964 1934 ante
992 1872 1266 1946 diximus,
1299 1890 1423 1934 non
1456 1889 1566 1954 ego
1598 1872 1712 1932 hoc
1740 1870 1874 1932 loco
1903 1870 1960 1933 id
1993 1872 2401 1950 quaerendum

252 1964 434 2035 puto,
478 1975 763 2018 verumne
806 1957 883 2019 sit
912 1942 1069 2037 qfflffi
1100 1957 1329 2019 Zenoni
1370 1956 1656 2036 placuerit
1687 1955 1963 2036 quodque
1994 1957 2120 2019 eius
2149 1957 2401 2019 auditori

254 2040 551 2116 Aristoni,
607 2041 835 2103 bonum
879 2060 1007 2105 esse
1050 2043 1244 2105 solum
1289 2041 1450 2122 quod
1493 2041 1809 2103 honestum
1853 2049 2038 2116 esset,
2082 2043 2186 2104 sed
2259 2043 2278 2102 i
2322 2043 2402 2103 ita

256 2135 441 2203 esset,
492 2136 621 2196 tum
662 2135 728 2188 ut
767 2135 957 2189 totum
1002 2127 1117 2189 boc
1156 2126 1326 2190 beate
1379 2127 1572 2189 vivere
1613 2125 1676 2188 in
1719 2144 1839 2187 una
1876 2125 2090 2188 virtute
2131 2063 2554 2207 migma-4
2569 2111 2586 2130 ²

2701 2117 2814 2162 Hm...

257 2276 351 2358 auf
370 2276 490 2359 sich
506 2278 671 2331 selbst
695 2278 842 2331 horte
866 2301 933 2322 ===
957 2276 1283 2346 konsequent

256 2360 400 2398 ware
417 2383 432 2398 .

255 2481 314 2535 η
339 2416 386 2466 2.
438 2413 610 2478 Quam
658 2414 759 2465 Ιιοσ
800 2429 963 2466 suave
1005 2419 1096 2466 eet.
1165 2412 1282 2481 vgl.

352 2484 400 2546 7,
429 2485 508 2536 17.
601 2532 611 2545 ,

327 2553 378 2605 4,
412 2545 693 2615 spectandi
723 2553 877 2611 sunt3
915 2549 1020 2616 vgl.
1055 2566 1104 2617 p.
1131 2548 1282 2603 Rosc.

259 2633 393 2671 com.
422 2621 503 2682 10,
528 2618 619 2671 28:
654 2615 822 2669 Nemo
847 2619 989 2669 enim
1026 2618 1179 2669 illum
1213 2634 1285 2670 σω

261 2690 457 2737 trunco
489 2688 735 2751 corporis
767 2689 1056 2752 spectabat,
1090 2687 1186 2737 sed
1217 2703 1287 2738 ecc

260 2754 499 2817 artificio
555 2756 756 2816 comico
811 2756 1144 2808 aestimabat.
1214 2753 1284 2806 So

260 2822 394 2875 anch
431 2837 647 2884 cernere
682 2824 730 2886 8,
760 2822 841 2873 22.

342 2893 391 2945 5.
436 2906 508 2941 eoe
548 2893 909 2956 perpetuitate
955 2893 1115 2957 atque
1161 2905 1286 2942 con-

259 2961 466 3009 stantia
482 2950 638 3010 ‘nach
670 2957 786 3010 dem
811 2957 1284 3025 Zusammenhange

259 3025 366 3079 und
385 3025 475 3078 der
493 3025 833 3093 Konsequenz
856 3026 992 3077 ihi-es
1013 3019 1283 3094 Systems'.

342 3096 390 3148 8.
444 3098 699 3160 quartum
759 3095 823 3146 de
881 3094 1129 3146 Finibus.
1215 3093 1284 3147 So

263 3162 476 3223 Quintil.
523 3161 608 3214 lx.
655 3163 704 3227 2,
752 3164 815 3215 37
833 3182 845 3213 ε
910 3165 970 3214 in
1027 3161 1086 3214 T.
1138 3161 1287 3214 Livii

255 3233 465 3298 primm
517 3230 588 3283 ib.
640 3233 685 3294 1,
737 3231 825 3283 25:
886 3233 947 3282 in
1008 3232 1170 3281 tertio
1222 3232 1287 3282 de

265 3298 507 3352 Oratore.
563 3297 798 3350 Gemeint
830 3298 897 3351 ist
932 3297 1025 3350 das
1050 3301 1132 3352 20.
1156 3297 1286 3366 Kap.

336 3369 416 3428 14.
454 3366 662 3418 tabellis
697 3368 992 3431 obsignatis
1027 3369 1147 3432 agis
1179 3382 1286 3417 me-

262 3451 411 3487 cum:
449 3427 542 3488 ‘du
580 3434 739 3487 haltst
783 3435 879 3486 mir
906 3435 964 3500 ja
999 3433 1287 3487 ordentlich

150 3527 157 3531 ·
261 3491 369 3556 das'
403 3502 809 3569 (untersiegelte)
844 3501 1112 3555 Protokoll
1156 3492 1283 3554 vor'.

261 3570 383 3639 Vgl.
434 3587 486 3639 p.
533 3569 662 3623 Mur.
711 3574 791 3635 17,
839 3572 933 3622 35:
987 3571 1287 3636 pergitisne

261 3657 355 3693 vos
381 3644 654 3705 tamquam
681 3655 752 3690 em
775 3640 1090 3707 syngrapha
1125 3653 1287 3704 agere

267 3723 391 3760 cum
419 3707 661 3773 populo?

334 3779 414 3830 16.
465 3778 566 3827 isto
610 3774 793 3841 modo,
835 3773 936 3827 wie
975 3776 1022 3839 8,
1060 3777 1153 3828 21:
1208 3772 1288 3827 Tu

258 3861 405 3898 vero.

1453 2291 1573 2341 noe,
1625 2275 1709 2332 die
1770 2291 1990 2328 neueren
2042 2275 2401 2330 Akademiker.

1384 2341 1481 2396 Mit
1534 2343 1700 2395 lnhalt
1758 2342 1860 2395 und
1913 2343 2182 2396 Ausdruck
2234 2344 2401 2398 dieses

1387 2410 1571 2533 {gagg
1604 2411 1711 2478 vgl.
1733 2411 1817 2463 lv.
1842 2414 1892 2476 4,
1917 2415 1945 2464 ’7
1986 2412 2088 2464 und
2123 2416 2281 2465 unten
2318 2415 2401 2480 29,

1454 2550 1513 2598 in
1567 2548 1707 2599 diem
1745 2540 1762 2564 ‘
1779 2547 1861 2599 fiir
1912 2546 2009 2599 den
2062 2547 2402 2615 Augenblick,

1387 2614 1710 2737 nanta
1734 2606 2217 2736 {zahl-tentate
2233 2615 2311 2736 ἐς.
2326 2632 2402 2737 ‘22

1432 2723 1444 2735 .
1542 2721 1556 2748 ,
1697 2721 1736 2735 .·

1389 2751 1531 2803 diem
1562 2754 1756 2814 vivere,
1789 2756 1978 2803 nostra
2015 2753 2238 2804 consilia
2272 2769 2401 2803 sem-

1384 2823 1661 2886 piternum
1694 2824 1895 2886 tempus
1927 2824 2166 2886 spectare
2200 2821 2403 2878 debent.

1458 2892 1539 2941 17.
1569 2888 1955 2954 probabilitate
1983 2892 2251 2954 percussit
2267 2880 2403 2942 ‘was

1388 2955 1479 3007 anf
1500 2972 1595 3009 uns
1624 2956 1723 3009 den
1758 2955 2014 3009 starksten
2036 2955 2293 3009 Eindruck
2316 2956 2406 3010 der

1388 3022 1941 3077 Wahrscheinlichkeit
1975 3025 2212 3091 gemacht
2247 3018 2367 3092 hat'.

1461 3095 1541 3146 18.
1576 3093 1641 3144 de
1675 3094 1999 3145 constantia:
2045 3096 2124 3159 10,
2159 3095 2220 3147 31
2260 3108 2309 3159 g.
2347 3093 2403 3147 E.

1458 3162 1539 3213 22.
1585 3164 1701 3211 tum
1739 3166 1802 3212 ut
1835 3165 1960 3223 cet.,
2008 3162 2266 3227 abhfingig
2299 3177 2402 3213 von

1388 3243 1572 3280 verum
1587 3220 1832 3295 ‘richtig',
1856 3229 2083 3281 welches
2106 3233 2276 3280 zuerst
2298 3244 2404 3281 von

1388 3296 1556 3349 einem
1580 3295 1742 3349 Urteil
1776 3296 1881 3350 und
1914 3312 1979 3348 an
2008 3296 2219 3349 zweiter
2241 3294 2404 3348 Stelle

1389 3363 1464 3428 (in
1500 3365 1589 3417 der
1610 3365 1947 3418 veranderten
1975 3362 2275 3429 Bedeutung
2299 3379 2403 3417 von

1389 3431 1735 3499 folgerichtig)
1761 3449 1863 3485 von
1888 3433 1976 3485 der
2000 3430 2286 3484 Thatsache
2311 3431 2403 3484 des

1380 3516 1585 3565 ponere
1618 3505 1893 3567 ausgesagt
1926 3502 2023 3561 ist;
2067 3499 2172 3565 vgl.
2207 3498 2282 3552 111.
2319 3502 2403 3567 29,

1389 3571 1480 3622 73:
1517 3574 1720 3621 rectum
1763 3574 1815 3620 et
1847 3584 2032 3620 verum
2065 3572 2132 3619 ut
2162 3594 2229 3605 —-
2264 3584 2405 3620 ame-

1386 3652 1520 3689 mus.
1578 3636 1717 3690 Statt
1739 3640 1788 3687 si
1809 3639 1889 3688 ita
1909 3642 2044 3688 esset
2064 3635 2168 3688 und
2181 3641 2403 3702 poneret

1389 3704 1545 3757 sollte
1581 3720 1699 3757 man
1733 3721 1775 3757 ε.
1810 3708 1848 3760 t.
1882 3707 1955 3755 sit
1988 3703 2089 3757 und
2116 3709 2296 3770 ponat
2327 3721 2406 3758 er-

1388 3777 1611 3834 wartem
1655 3774 1777 3825 aber
1822 3772 1911 3825 der
1955 3772 2100 3838 Conj.
2144 3772 2287 3841 lmpf.
2334 3773 2405 3825 ist

1391 3839 1550 3894 durch
1574 3840 1665 3893 das
1689 3840 2106 3908 vorhergehende
2130 3842 2405 3892 honestum
