2834 4317
2625 9 2764 88 '⁷

449 191 570 251 142
1135 191 1322 245 LIBER
1357 192 1423 248 V.
1459 195 1539 257 26,
1563 196 1642 246 74.
1663 197 1745 248 75.
1783 197 1865 259 27,
1885 196 1968 249 76.

443 366 602 446 quod
633 374 734 427 aut
763 365 887 428 leve
918 374 1020 427 aut
1056 370 1328 446 asperum
1362 365 1423 426 in
1471 383 1726 445 corpore
1767 367 2084 428 sentiatur:
2143 367 2283 428 huic
2314 384 2491 445 ergo,
2537 377 2609 428 ut

445 452 583 525 dixi,
638 470 761 512 non
807 452 1058 513 multum
1104 451 1401 513 differenti
1446 469 1479 511 a
1521 451 1741 513 iudicio
1784 453 2041 513 ferarum
2090 451 2356 514 oblivisci
2397 452 2606 513 licebit

443 537 534 599 sui
564 544 625 597 et
653 545 776 597 tum
807 537 1106 598 fortunam
1148 545 1566 612 contemnere,
1609 554 1743 597 cum
1789 537 1865 598 sit
1906 556 2084 599 omne
2126 546 2184 598 et
2210 537 2438 599 bonum
2470 537 2605 599 eius

444 632 502 683 et
531 621 747 683 malum
776 622 839 682 in
870 629 1159 702 potestate
1189 623 1482 696 fortunae,
1523 630 1649 682 tum
1681 622 1878 683 dicere
1907 641 1971 684 se
2000 622 2238 683 beatum
2271 623 2329 683 in
2362 641 2602 684 summo

443 707 709 769 cruciatu
741 715 917 786 atque
961 706 1308 780 tormentiS,
1350 725 1489 768 cum
1518 706 1892 769 constituerit
1934 726 2055 769 non
2087 707 2265 768 modo
2297 725 2602 769 summum
2641 724 2673 772 5

338 809 399 860 74
440 793 661 855 malum
693 810 821 853 esse
863 790 1124 853 dolorem
1143 837 1159 864 ,
1204 791 1306 853 sed
1349 791 1525 853 etiam
1573 789 1809 853 solum?
1867 792 1989 853 Nec
2028 811 2171 853 vero
2212 792 2309 854 illa
2351 791 2464 855 sibi
2493 811 2603 853 re-

441 877 634 950 media
678 877 1041 956 comparavit
1092 878 1160 938 ad
1217 877 1589 938 tolerandum
1644 877 1943 953 dolorem,
1998 878 2336 939 firmitatem
2394 878 2598 953 animi,

438 962 823 1042 turpitudinis
853 962 1265 1023 verecundiam
1283 1008 1299 1037 ,
1330 962 1815 1024 exercitationem
1847 962 2457 1041 consuetudinemque
2486 982 2599 1042 pa-

441 1046 658 1120 tiendi,
704 1046 979 1107 duritiam
1008 1048 1267 1123 virilem,
1311 1047 1415 1108 sed
1445 1065 1567 1108 una
1597 1067 1661 1109 se
1705 1047 1847 1109 dicit
1876 1048 2288 1110 recordatione
2319 1049 2597 1128 adquies-

441 1150 574 1193 cere
616 1132 1068 1211 praeteritarum
1112 1133 1533 1213 voluptatium,
1577 1140 1642 1193 ut
1683 1133 1732 1194 si
1775 1133 1907 1212 quis
1947 1141 2253 1207 aestuanS,
2297 1151 2435 1195 cum
2473 1133 2597 1193 vim
2637 1147 2696 1198 10

441 1217 654 1278 caloris
686 1236 807 1278 non
837 1217 1008 1278 facile
1037 1219 1324 1297 patiatur,
1367 1218 1667 1279 recordari
1707 1218 1843 1279 velit
1870 1237 1998 1280 sese
2030 1219 2343 1298 aliquando
2385 1219 2445 1279 in
2477 1217 2596 1278 A·r-

438 1302 630 1383 pinati
661 1312 868 1363 nostro
898 1302 1106 1382 gelidis
1147 1303 1491 1365 fluminibus
1532 1303 1957 1365 circumfusum
1995 1303 2194 1365 fuisse.
2265 1303 2398 1364 Non
2430 1303 2594 1364 enim

439 1389 606 1449 video
666 1406 786 1466 quo
843 1388 1018 1449 modo
1084 1390 1290 1450 sedare
1346 1388 1578 1468 possint
1634 1388 1782 1450 mala
1849 1389 2182 1468 praesentia
2237 1388 2596 1468 praeteritae

335 1488 396 1538 75
438 1474 785 1553 voluptates,
859 1473 976 1534 Sed
1017 1491 1150 1534 cum
1198 1474 1249 1534 is
1301 1474 1456 1534 dicat
1497 1491 1733 1553 semper
1782 1472 2019 1535 beatum
2060 1493 2189 1535 esse
2239 1474 2592 1554 sapientem,
2793 1525 2796 1534 .

437 1559 531 1619 cui
564 1556 762 1638 dicere
790 1558 936 1633 hoc,
982 1558 1031 1619 si
1062 1558 1176 1620 sibi
1207 1567 1482 1620 constare
1513 1558 1715 1632 vellet,
1757 1578 1879 1620 non
1912 1559 2146 1632 liceret,
2191 1558 2467 1639 quidnam
2497 1559 2592 1618 fa·
2635 1572 2690 1624 ts

437 1644 715 1705 ciendum
744 1651 833 1705 est
871 1643 960 1718 iis,
993 1644 1094 1723 qui
1125 1644 1272 1705 nihil
1302 1643 1719 1723 expetendum,
1752 1644 1902 1705 nihil
1931 1645 1991 1704 in
2024 1643 2198 1705 bonis
2228 1644 2589 1719 ducendum,
2793 1639 2796 1644 ’

438 1728 598 1808 quod
628 1729 936 1789 honestate
979 1739 1193 1804 careat,
1239 1726 1618 1791 existimant?
1705 1728 1798 1789 Me
1843 1730 2080 1808 quidem
2125 1737 2366 1790 auctore
2410 1729 2591 1789 etiam

435 1813 810 1892 Peripatetici
853 1821 1199 1892 veteresque
1235 1814 1571 1874 Academici
1615 1812 1912 1875 balbutire
1952 1814 2266 1894 aliquando
2312 1814 2594 1875 desinant

434 1907 757 1977 aperteque
789 1907 849 1958 et
878 1898 1034 1959 clara
1061 1916 1207 1959 voce
1249 1898 1505 1960 audeant
1533 1898 1729 1960 dicere
1764 1898 1992 1960 beatam
2023 1900 2200 1959 vitam
2228 1899 2290 1960 in
2323 1898 2589 1960 Phalari-

329 2035 401 2091 27
436 1983 524 2044 dis
553 1990 787 2043 taurum
819 1983 1256 2044 descensuram.
1385 1994 1392 2000 ·
2634 1999 2690 2052 ῃ

331 2118 389 2168 76
610 2067 741 2129 Sint
771 2068 930 2129 enim
960 2067 1068 2128 tria
1099 2087 1318 2149 genera
1340 2069 1660 2144 bonorum,
1691 2077 1759 2129 ut
1786 2068 1900 2130 iam
1923 2087 1954 2129 a
1978 2068 2203 2149 laqueis
2226 2068 2587 2145 Stoicorum,

506 2169 552 2241 1.
598 2186 711 2237 leve
761 2215 828 2224 —-
880 2179 1126 2252 asper-uba
1179 2187 1289 2239 bez.
1343 2187 1455 2239 sich

432 2255 526 2307 auf
545 2255 629 2307 die
653 2255 850 2321 glatten
874 2253 978 2307 und
999 2254 1232 2306 scharfen
1250 2256 1454 2321 Atome,

430 2323 587 2375 durch
622 2323 820 2374 welche
857 2323 987 2374 nach
1014 2322 1207 2388 Epikur
1246 2323 1330 2374 die
1366 2338 1455 2375 an·

431 2390 715 2457 genehmen
730 2408 779 2443 u.
794 2390 1456 2459 unangenehmenEmpfin-

1630 2189 1712 2240 13.
1747 2187 1892 2237 mala
1921 2187 2233 2251 praesentia
2249 2189 2586 2252 praeteritae

1556 2253 1873 2320 voluptates.
1945 2253 2238 2317 Chiasmus,
2287 2254 2385 2306 wie
2427 2254 2462 2306 1.
2499 2258 2588 2321 49,

1562 2324 1688 2376 118:
1725 2323 2036 2373 horribilem
2071 2350 2138 2360 —-
2172 2321 2426 2383 faustum.

1631 2392 1711 2442 16.
1745 2393 1834 2456 iis,
1878 2392 1972 2455 qui
2003 2418 2070 2427 —-
2104 2392 2445 2442 eoeistimant:
2500 2391 2586 2443 die

1559 2456 1766 2510 Stoiker
1812 2458 1916 2510 und
1950 2458 2086 2510 viele
2120 2472 2223 2509 von
2264 2458 2355 2510 der
2388 2473 2584 2511 neuern

431 2459 638 2526 dungen
674 2459 1109 2525 hervorgebracht
1146 2459 1373 2514 werden.

500 2530 626 2579 huie
680 2556 745 2564 —
791 2525 1063 2592 ferarum,
1115 2527 1457 2593 abgekiirzter

430 2594 701 2648 Ausdruck
727 2595 807 2646 fiir
838 2597 980 2659 huic,
1017 2598 1170 2646 cuius
1193 2596 1456 2647 iudicium

430 2680 541 2716 non
563 2664 790 2714 multum
814 2664 1001 2726 differt
1024 2679 1058 2714 a
1080 2664 1285 2716 iudicio
1305 2662 1457 2722 fera-

429 2748 567 2785 rum.
620 2730 733 2797 Vgl.
756 2731 792 2784 1.
821 2735 867 2797 1,
887 2732 941 2783 2:
966 2732 1065 2783 illa
1090 2760 1159 2770 —
1180 2737 1310 2784 sunt
1331 2748 1457 2783 eon-

429 2799 675 2861 ferenda.

501 2869 550 2919 2.
607 2867 851 2918 oblivisci
900 2894 966 2904 —
1019 2868 1107 2916 sui
1149 2861 1310 2918 ‘seine
1356 2865 1456 2919 Be-

434 2935 771 3001 hauptungen
803 2950 868 2985 zu
902 2929 1212 3000 vergessen’.

501 3005 550 3055 9.
606 3002 985 3053 recordatione
1027 3005 1452 3067 praeteritarum

429 3071 809 3136 voluptatium.
881 3068 1006 3120 Zum
1042 3069 1207 3121 Inhalt
1241 3069 1344 3136 vgl.
1373 3070 1449 3124 111.

434 3143 514 3202 15,
551 3140 616 3192 33
652 3155 703 3193 u.
740 3136 802 3190 V.
840 3140 921 3202 31,
949 3139 1028 3191 88.
1080 3135 1175 3189 Mit
1208 3140 1455 3205 volupta—

431 3210 570 3259 tium
602 3207 707 3273 vgl.
727 3208 1048 3270 civitatium,
1071 3207 1173 3258 wie
1195 3207 1326 3259 nach
1350 3207 1452 3260 den

427 3276 610 3329 besten
654 3274 865 3327 Hdschr.
911 3274 975 3326 de
1014 3289 1120 3342 rep.
1156 3274 1210 3327 11.
1247 3279 1293 3341 4,
1333 3278 1362 3329 8
1399 3293 1451 3328 u.

430 3344 493 3396 ad
545 3345 664 3397 fam.
722 3347 802 3396 10.
855 3345 904 3408 8,
949 3345 1005 3405 6;
1061 3345 1141 3395 12.
1190 3347 1270 3408 13,
1315 3345 1347 3396 3
1385 3360 1450 3396 zu

430 3412 695 3465 schreiben
731 3413 816 3464 ist.

489 3484 567 3533 11.
580 3482 842 3546 Arpinati
857 3484 1060 3547 nostro,
1071 3494 1142 3533 sc.
1152 3478 1343 3540 fundo.
1357 3480 1450 3531 Ar-

430 3547 606 3614 pinum
632 3549 719 3613 lag
741 3548 811 3599 im
836 3547 1072 3615 Gebirge,
1108 3547 1238 3599 nahe
1271 3561 1336 3597 an
1360 3547 1451 3599 der

429 3614 656 3668 Mundun
717 3615 808 3668 des
832 3614 1078 3669 Fibrenus
1105 3616 1159 3667 in
1184 3613 1282 3666 den
1305 3614 1445 3668 Liris.

503 3685 582 3736 12.
674 3699 742 3733 on
778 3687 949 3749 enim,
993 3700 1057 3736 zu
1094 3682 1345 3748 ergfinzen
1379 3682 1450 3735 ist

429 3751 640 3803 vorher:
660 3747 792 3802 ‘was
814 3750 920 3802 ihm
939 3752 1058 3804 aber
1082 3751 1250 3803 nichts
1268 3745 1449 3817 nutzt',

431 3817 494 3869 da
520 3818 612 3870 das
636 3816 1065 3884 Vorhergehende
1099 3818 1322 3870 ironisch
1360 3834 1449 3885 ge-

431 3891 547 3953 sagt
581 3886 675 3952 ist,
719 3885 824 3952 vgl.
847 3886 882 3938 Ι.
909 3888 958 3951 6,
986 3890 1073 3939 11:
1120 3885 1252 3951 Quis
1287 3890 1446 3939 enim.

1555 2525 1858 2578 Akademie.

1631 2596 1710 2648 18.
1754 2595 2020 2645 balbutire
2051 2585 2170 2644 ‘mit
2215 2592 2306 2645 der
2351 2592 2580 2660 Sprache

1561 2661 1703 2714 nicht
1733 2662 1878 2714 recht
1902 2661 2085 2713 heraus
2108 2661 2317 2726 wollen,
2352 2662 2463 2714 sich
2488 2678 2584 2715 un·

1560 2728 1673 2780 klar
1697 2720 2051 2781 ausdrucken'.
2110 2729 2203 2781 Die
2227 2728 2450 2798 Peripat.
2474 2730 2578 2783 und

1559 2797 1698 2849 alten
1723 2796 2068 2849 Akademiker
2096 2798 2306 2862 wollten
2332 2813 2471 2850 zwar
2496 2798 2579 2849 die

1557 2865 1964 2933 Gliickseligkeit
2009 2881 2103 2917 nur
2144 2865 2199 2917 in
2235 2865 2325 2917 der
2359 2865 2577 2931 Tugend

1555 2931 1744 2998 finden,
1757 2934 1981 2984 meinten
1994 2932 2203 2999 jedoch,
2217 2933 2280 2986 da
2288 2938 2332 2986 ts
2351 2933 2584 2986 dieselbe

1556 3002 1715 3054 durch
1751 3001 1834 3053 die
1868 3000 2202 3067 Verbindung
2236 3001 2326 3053 der
2362 3000 2579 3068 Tugend

1555 3070 1652 3122 mit
1681 3071 1915 3122 §usseren
1939 3068 2131 3121 Giitern
2166 3068 2269 3121 und
2294 3069 2388 3121 mit
2412 3069 2580 3122 denen

1555 3137 1647 3190 des
1683 3136 1904 3205 Korpers
1940 3138 2218 3204 gesteigert
2252 3137 2443 3190 werde.

1623 3207 1934 3272 aliquando,
1969 3221 2010 3258 s.
2048 3221 2110 3257 zu
2145 3205 2181 3258 1.
2222 3208 2268 3271 1,
2305 3209 2352 3258 1.

1626 3277 1707 3329 19.
1742 3278 1803 3325 in
1835 3275 2144 3326 Phalan'dis
2180 3278 2414 3338 taurum,
2452 3288 2493 3327 S.
2520 3273 2577 3325 11.

1556 3345 1604 3406 7,
1647 3347 1727 3395 17.
1801 3341 1875 3406 (ln
1924 3341 2059 3394 ahnl.
2104 3340 2261 3394 Sinne
2299 3345 2347 3405 5,
2390 3344 2476 3394 13:
2516 3343 2581 3392 in

1552 3411 1790 3462 eculeum
1826 3412 1999 3475 coim').
2067 3408 2218 3462 Sinn:
2264 3408 2352 3461 Sie
2385 3412 2576 3476 mosen

1554 3480 1801 3544 gestehen
1825 3516 1839 3543 ‚
1897 3477 2009 3530 dats
2062 3477 2153 3529 das
2205 3476 2372 3531 Gh'ick
2423 3492 2576 3530 aus-

1552 3547 1691 3599 schl
1713 3547 1771 3599 ie
1787 3545 1992 3597 sslich
2011 3562 2114 3598 von
2135 3545 2224 3597 der
2244 3543 2460 3613 Tugend
2484 3546 2580 3597 ab·

1551 3614 1712 3680 hangt
1747 3612 1850 3667 und
1882 3615 2013 3666 auch
2049 3613 2208 3666 durch
2231 3612 2315 3665 die
2341 3615 2577 3679 grossten

1551 3682 1786 3735 iiul'seren
1833 3681 2022 3734 Leiden
2068 3681 2208 3734 nicht
2254 3681 2581 3733 beeintrach-

1552 3750 1650 3817 tigt
1686 3748 1894 3803 werden
1930 3748 2082 3802 kann.

1618 3821 1701 3871 21.
1739 3820 1846 3870 tria
1876 3832 2097 3905 ymera,
2134 3816 2238 3882 vgl.
2275 3818 2324 3880 8,
2361 3817 2443 3898 23.

1631 3888 1834 3952 laqueis
1906 3884 2406 3953 Verffinglichkeiten
2476 3883 2578 3938 be·
