2834 4317
136 1138 182 1187 10

56 3521 57 3580 l

56 3669 59 3768 ἱ

56 3817 61 3898 l

57 3953 65 4106 ξ
146 4053 169 4079 .

58 4113 65 4210 ἶ

57 4215 67 4290 ι

1001 181 1189 234 menn
1224 183 1259 236 1.
1296 186 1346 249 3,
1383 187 1432 235 6.
1468 186 1517 247 4,
1557 187 1613 254 7„

219 441 394 502 etiam
422 440 518 500 illa
551 439 892 501 manabant.

2294 184 2372 242 29

203 334 375 429 stria,
420 355 611 416 multo
657 355 978 418 studiosius
1010 356 1417 437 philosophiae
1464 357 1644 419 fontis
1682 357 2035 436 aperiemus,
2082 376 2113 419 e
2162 321 2377 443 quihus

390 526 506 587 Sed
539 533 605 586 ut
635 526 996 599 Aristoteles,
1026 526 1116 586 vir
1145 545 1376 587 summo
1410 527 1674 606 ingeni0,
1713 527 1980 601 scientia,
2012 529 2202 608 copia,
2236 548 2372 591 cum
2411 535 2448 590 4

217 618 418 672 motus
450 621 606 673 esset
635 611 912 673 Isocratis
954 611 1211 674 rhetoris
1250 612 1456 691 gloria,
1503 613 1697 674 dicere
1730 612 1945 674 docere
1977 615 2382 695 etiamcoepit
2422 628 2451 676 7

218 696 618 779 adulescentis
662 704 733 757 et‘
760 697 1136 778 prudentiam
1179 716 1314 758 cum
1363 698 2028 778 eloquentia'iungere‚
2074 698 2159 760 sic
2205 700 2380 761 nobis

221 782 416 862 placet
436 800 559 843 nec
590 782 906 861 pristinum
937 782 1172 844 dicendi
1209 784 1471 845 studium
1504 783 1805 864 deponere
1837 792 1896 844 et
1926 786 1986 845 in
2019 785 2130 845 hac
2160 782 2380 846 m'aiore

220 875 281 929 et
322 859 602 929 uberiore
649 876 774 928 arte
817 868 1056 930 versari.
1147 868 1316 929 Hanc
1371 871 1532 930 enim
1577 870 1901 949 perfectam
1946 869 2379 950 philosophiam

219 970 462 1032 semper
503 953 769 1026 iudicavi,
818 973 969 1032 quae
1015 954 1087 1015 de
1128 954 1396 1016 maximis
1428 955 1876 1033 quaestionibus
1907 955 2147 1034 copiose
2177 964 2381 1035 posset

222 1047 552 1117 ornateque
584 1038 800 1118 dicere,
843 1040 904 1099 in
938 1056 1110 1118 quam
1144 1036 1627 1102 exercitationem
1668 1040 1745 1101 ita
1779 1059 1891 1101 nos
1921 1041 2184 1102 studiose
2215 1042 2376 1102 dedi·

220 1142 376 1198 muS‚
415 1132 484 1184 ut
501 1120 627 1184 iam
672 1125 841 1185 etiam
875 1125 1106 1186 scholas
1138 1125 1500 1187 Graecorum
1532 1145 1696 1187 more
1738 1124 1954 1188 habere
1998 1127 2378 1189 auderemus:

225 1216 289 1286 ut
331 1227 529 1288 nuper
571 1216 740 1271 tuum
784 1219 919 1289 post
949 1210 1273 1273 discessum
1304 1211 1365 1272 in
1399 1212 1758 1286 Tusculano,
1805 1230 1940 1272 cum
1985 1219 2184 1273 essent
2214 1231 2414 1290 com·-4

124 1294 147 1308 ⁶
223 1295 426 1374 plures
468 1313 701 1356 mecum
743 1295 1087 1371 familiares,
1132 1297 1412 1377 temptavi
1460 1297 1601 1375 quid
1642 1297 1700 1356 in
1745 1315 1816 1356 eo
1860 1313 2080 1373 genere
2122 1314 2375 1375 possem.

229 1379 298 1440 Ut
327 1380 489 1441 enim
521 1390 692 1441 antea
715 1381 1156 1444 declamitabam
1189 1400 1414 1457 causa&
1448 1383 1607 1460 quod
1639 1399 1814 1443 nemo
1848 1399 1940 1441 me
1971 1380 2190 1441 diutius
2219 1382 2377 1454 fecit,

225 1464 306 1526 sic
337 1465 484 1526 haec
529 1466 672 1527 mihi
718 1485 882 1528 nunc
925 1467 1128 1529 senilis
1168 1462 1267 1529 est¹
1296 1462 1662 1528 declamatio.
1726 1466 1957 1527 Ponere
1999 1465 2274 1528 iubebam
2306 1466 2377 1527 de

293 1666 342 1716 2.
394 1667 493 1717 illa
554 1669 870 1731 manabant,
944 1665 1142 1721 Constr.
1188 1667 1253 1720 ad

230 1733 847 1856 ”arenariae
863 1735 1235 1870 ’ὲίξὲἐὲώω

228 1872 327 1924 384
337 1885 387 1921 v.
401 1869 535 1933 olm,
558 1871 744 1925 Lehrer
762 1843 1137 1925 Alexanders’d.
1151 1872 1251 1935 Gr„

228 1938 451 1990 nachher
484 1940 539 1990 in
573 1939 745 1992 Athen
782 1940 963 1993 Stiftcr
998 1941 1086 1993 der
1122 1941 1254 2009 peri-

228 2009 384 2074 patet.
421 2005 628 2061 Schule.
679 2006 799 2075 Vgl.
825 2008 888 2060 de
913 2015 1040 2061 orat.
1065 2008 1141 2063 111.
1169 2013 1251 2072 35,

233 2077 352 2128 141:
389 2075 510 2141 Ipse
534 2077 865 2142 Aristoteles,
902 2091 1021 2128 cum
1054 2079 1252 2140 llorere

227 2143 516 2195 Isocratem
550 2146 833 2197 nobilitate
862 2145 1250 2212 discipulorum

227 2212 450 2277 videret,
474 2242 543 2252 -
564 2216 798 2265 mutavit
830 2218 1046 2280 repente
1081 2219 1251 2266 iotam

226 2278 465 2340 formam
509 2297 682 2348 prope
736 2282 1054 2348 disciplinae
1104 2299 1250 2335 suae.

230 2347 415 2414 Itaque
453 2353 672 2401 ornavit
705 2355 759 2401 et
780 2351 1096 2401 inlustravit
1129 2352 1250 2402 doc-

226 2419 431 2468 trinam
486 2418 636 2469 illam
703 2434 910 2470 omnem
967 2434 1254 2484 rerumque

229 2486 590 2550 cognitionem
636 2503 756 2538 eum
797 2488 1065 2539 orationis
1100 2503 1253 2537 exer·

227 2556 490 2604 citatione
525 2558 830 2608 coniunxi-it.
890 2554 1030 2607 Doch
1054 2555 1142 2621 lag
1165 2554 1255 2606 der

229 2620 404 2684 Gruud
450 2622 630 2676 hier-zu
675 2624 728 2675 in
780 2623 871 2675 der
923 2622 1253 2690 praktischen

228 2687 488 2809 ffichtung
531 2691 699 2743 seiner
735 2690 1069 2758 philosophie
1106 2690 1255 2744 fiber-

265 2772 329 2810 au
372 2765 409 2810 t.

297 2773 457 2890 cgpia
490 2826 611 2891 (wie
647 2828 940 2893 copiosus),
989 2843 1091 2879 von
1137 2826 1251 2880 dem

230 2892 503 2946 Reichtnm
539 2910 604 2946 an
641 2895 929 2949 Gedanken'
957 2896 1060 2949 und
1108 2894 1252 2948 Wor-

230 2966 318 3014 ten
357 2963 653 3029 gebraucht.

297 3031 348 3084 4.
391 3030 665 3098 lsokrates,
708 3032 824 3098 geb.
851 3034 970 3097 436,
1010 3031 1150 3085 lebte
1175 3031 1254 3084 bis

227 3114 317 3151 zur
381 3098 625 3152 Schlacht
684 3100 769 3153 bei
828 3101 1090 3153 Charonea
1136 3102 1254 3165 338,

226 3166 363 3219 uach
408 3168 634 3221 welcher
676 3184 731 3221 er
785 3168 895 3221 sich
939 3167 1102 3221 selbst
1154 3167 1253 3220 den

225 3234 340 3288 Tod
376 3236 495 3302 gab.

293 3304 478 3355 dicere
511 3305 716 3368 docere,
753 3304 858 3371 vgl.
884 3304 949 3357 de
973 3319 1046 3356 or.
1072 3303 1153 3356 111.
1177 3307 1256 3369 16,

224 3373 319 3425 612
374 3372 516 3424 Hinc
565 3376 620 3440 (a
674 3374 918 3439 Socrate)
969 3373 1255 3424 discidium

221 3439 372 3492 eund
391 3443 617 3507 exstitit,
639 3445 814 3509 quasi
848 3442 1071 3507 linguae
1093 3445 1255 3508 atque

223 3509 434 3574 cordis,
481 3512 775 3562 absurdum
816 3527 946 3562 sane
981 3517 1032 3561 et
1064 3510 1259 3561 inutile

230 3580 284 3628 ci
325 3580 849 3646 reprehendendum,
899 3584 964 3630 ut
1014 3580 1116 3630 alii
1160 3594 1259 3629 nos

225 3661 511 3783 ἀἷῗνρηιιιῆ
471 3648 1257 3783 αξιῖιιῗῖῗιῖξοῗὲῗθςῗῖἓιιηιῑοὴ

232 3797 335 3835 von
371 3784 463 3837 der
498 3785 590 3838 auf
613 3785 897 3851 Erfahrung
927 3782 1259 3836 bernhenden

231 3849 571 3919 Sachknnde,
628 3853 786 3906 daher
834 3851 1111 3906 besonders
1157 3866 1260 3902 von

1355 1667 1846 1736 der-Jnrisprudenz
1891 1682 1941 1719 u.
1989 1666 2380 1719 Staatswissen—

1356 1737 1527 1788 schaft
1560 1736 1856 1802 gebraucht.

1425 1808 1473 1857 7.
1523 1805 1947 1870 philosophiam,
1994 1804 2074 1856 fiir
2108 1803 2219 1855 ihre
2254 1802 2378 1856 Ver—

1355 1876 1537 1935 treter,
1574 1872 1755 1924 daher:
1801 1888 1939 1938 quae
1970 1877 2151 1939 posset
2184 1872 2379 1934 dicere,

1356 1941 1457 1992 wie
1493 1940 1654 1993 osters
1690 1941 1820 1992 auch
1860 1941 2107 2005 historia,
2150 1956 2193 1991 z.
2220 1939 2276 1991 B.
2315 1940 2377 1992 de

1355 2024 1429 2061 or.
1453 2009 1512 2063 11.
1543 2012 1632 2072 15,
1658 2011 1747 2060 62:
1792 2011 1914 2075 quis
1946 2013 2115 2060 nescit
2141 2010 2379 2073 primam

1354 2094 1463 2127 esse
1497 2079 1755 2129 historiae
1783 2078 1968 2142 legem,
2003 2093 2071 2127 ne
2094 2076 2230 2143 quid
2248 2073 2383 2137 falsi

1354 2146 1530 2197 dicere
1563 2146 1795 2197 audeat?

1340 2231 1343 2236 ·
1423 2217 1473 2266 9.
1507 2218 1566 2264 in
1602 2230 1764 2280 quam
1787 2243 1849 2252 -
1873 2214 2127 2266 dedimus.
2163 2188 2291 2279 'ng
2316 2213 2380 2264 de

1354 2286 1484 2334 orat.
1520 2281 1597 2335 111.
1639 2286 1719 2345 16,
1743 2285 1832 2334 59:
1871 2297 2032 2347 quam
2066 2298 2122 2332 se
2158 2297 2381 2346 cumque

1353 2352 1415 2399 in
1443 2355 1658 2415 partem
1693 2350 1948 2412 dedisset,
1996 2352 2234 2418 omnium
2268 2347 2383 2411 fuit

1353 2416 1525 2478 facile
1555 2420 1822 2483 princeps.

1415 2489 1493 2538 10.
1506 2485 1717 2550 scholas
1752 2482 2139 2546 Lehrvortriige,
2179 2482 2382 2546 vgl.47,

1362 2557 1476 2607 113.
1536 2552 1672 2604 Uber
1696 2552 1797 2604 den
1822 2551 1967 2616 Conj.
1992 2548 2135 2616 lmpf.
2160 2550 2383 2600 audere-

1355 2638 1476 2673 mus
1511 2637 1550 2674 s,
1588 2636 1652 2672 zu
1694 2624 1738 2687 1,
1768 2624 1818 2672 1:
1854 2620 2201 2686 pertinerent.

1431 2693 1512 2742 11.-
1541 2694 1690 2741 mum
1712 2693 1836 2755 posi
1859 2688 2158 2739 discessum.
2196 2684 2383 2738 Brutus

1357 2757 1545 2811 bckam
1592 2760 1656 2810 47
1695 2773 1745 2809 v.
1783 2756 1896 2808 Chr.
1932 2770 2035 2807 von
2082 2755 2261 2820 cisat,
2307 2755 2383 2807 als

1357 2826 1526 2878 dieser
1559 2825 1658 2878 den
1684 2824 2062 2877 afrikanischen
2090 2822 2244 2889 Krieg
2269 2838 2384 2875 vor—

1357 2895 1519 2959 hatte‚
1565 2894 1741 2946 Gallia
1778 2894 1961 2959 cisalp.
1999 2892 2077 2944 als
2114 2890 2347 2944 Provinz.

1430 2965 1512 3017 13.
1555 2962 1980 3014 declamitabam.
2070 2946 2206 3011 Uber
2241 2960 2384 3012 scine

1359 3019 1811 3097 Ubungsvortrage
1847 3034 1964 3094 sagt
1999 3028 2101 3081 Cic.
2133 3026 2271 3079 Brut.
2298 3030 2381 3093 90,

1359 3102 1483 3153 31οε
1508 3099 1914 3151 commentabar
1927 3096 2274 3148 declamitans
2288 3098 2386 3162 (sio

1357 3171 1500 3219 enim
1533 3183 1682 3219 nunc
1717 3167 2032 3233 loquuntur)
2072 3180 2228 3230 saepe
2253 3180 2384 3215 cum

1357 3236 1429 3287 M.
1449 3237 1641 3286 Pisone
1681 3240 1733 3286 ei
1768 3250 1887 3285 cum
1926 3233 1984 3299 Q.
2003 3234 2254 3298 Pompeio
2288 3238 2389 3284 aui

1357 3320 1480 3355 cum
1498 3303 1681 3369 aliquo
1702 3303 1927 3354 cotidie.-
1944 3301 2105 3365 idque
2118 3299 2386 3360 faciebam

1355 3372 1584 3423 mulium
1617 3374 1780 3424 etiam
1814 3369 2026 3430 Latine,
2059 3368 2155 3418 sed
2187 3366 2387 3419 Graece

1359 3443 1591 3506 saepius.
1647 3438 1831 3505 Spfiter
1854 3437 2098 3490 bedentet
2133 3436 2383 3488 declami-

1360 3514 1482 3560 tare
1507 3507 1648 3560 nicht
1671 3505 1994 3559 reduerische
2021 3490 2274 3570 [Ibnngen
2299 3520 2388 3558 an·

1361 3576 1566 3641 stenen,
1603 3574 1823 3627 sondern
1855 3573 2256 3639 Kunstvortrfigc
2280 3574 2390 3626 hal-

1364 3649 1469 3708 ten‚
1501 3660 1586 3696 um
1612 3642 1722 3695 sich
1746 3643 1906 3695 heren
1933 3658 1994 3693 zu
2018 3640 2209 3696 lassen.
2264 3642 2390 3695 an

1365 3712 1532 3765 lnhalt
1568 3711 1672 3777 vgl.
1707 3710 1765 3766 11.
1809 3713 1885 3776 11,
1924 3712 2007 3763 26.

1439 3783 1517 3833 14.
1536 3782 1666 3832 haec
1688 3780 1839 3831 mihi.
1893 3778 2043 3831 Diese
2063 3777 2390 3829 zusammen-

1366 3848 1601 3913 stellung.
1629 3847 1718 3899 der
1744 3845 1893 3898 Pron.
1921 3861 2003 3897 am
2027 3844 2262 3909 Anfange
2296 3843 2389 3895 des
