2834 4317
1044 149 1231 202 LIBER
1267 149 1328 203 v,
1367 153 1450 217 41,
1472 153 1585 204 121.
2249 145 2367 204 165

229 320 716 402 conscripturum
746 320 1003 382 arbitror
1042 357 1127 372 —-
1158 322 1261 385 uhi
1304 323 1463 385 enim
1508 322 1721 383 melius
1764 321 1849 381 uti
1893 339 2210 400 possumus
2238 320 2373 394 hoc,

232 406 592 469 cuicuimodi
616 416 723 481 est,
747 404 913 468 otio?
942 409 1106 470 ——ad
1130 409 1498 487 Brutumque
1520 414 1791 469 nostrum
1813 405 1923 468 hos
1944 405 2129 468 libros
2158 406 2375 467 alteros

232 493 502 573 quinque
547 493 871 568 mittemuS‚
914 512 947 554 a
990 513 1109 572 quo
1151 513 1273 555 non
1302 495 1480 556 modo
1511 491 1748 572 impulsi
1777 510 1981 553 sumus
2009 492 2082 552 ad
2110 491 2373 572 philoso-

234 578 383 659 phas
411 578 781 658 scriptiones,
812 597 1013 640 verum
1047 579 1220 640 etiam
1251 579 1522 641 lacessiti.
1594 578 1663 639 In
1695 597 1812 656 quo
1843 585 2133 656 quantum
2161 577 2375 638 ceteris

234 664 532 745 profuturi
562 665 765 738 simuS‚
798 683 922 725 non
952 664 1120 726 facile
1151 665 1395 727 dixerim
1417 710 1434 739 ‚
1468 664 1689 726 nostris
1718 663 1953 743 quidem
1983 662 2375 724 acerbissimis

237 749 540 811 doloribus
577 750 870 829 variisque
914 757 974 810 et
1012 750 1278 830 undique
1322 749 1692 812 circumfusis
1734 749 2017 810 molestiis
2055 749 2165 810 alia
2214 748 2375 809 nulla

237 834 430 914 potuit
457 834 710 895 inveniri
739 834 969 896 levatio·

310 971 354 1022 1.
390 970 500 1033 ubi,
535 983 576 1020 s,
614 984 677 1019 zu
715 971 796 1032 35,
834 971 947 1022 102.
1429 972 1478 1022 5.
1504 967 1793 1035 profuturi
1825 971 1991 1019 simus
2025 997 2091 1007 -—
2126 968 2376 1023 dioecm'm.

307 1038 355 1088 2.
383 1038 725 1102 cuicuimodi,
761 1052 803 1090 s,
840 1052 905 1089 zu
939 1036 1016 1090 111.
1053 1039 1136 1101 34,
1172 1040 1255 1091 83.
1359 1037 1594 1090 Gleicher
1622 1036 1858 1089 Wechsel
1891 1037 1982 1089 des
2006 1036 2258 1088 Numerus
2281 1034 2378 1086 fin-

306 1105 516 1156 alteros.
586 1105 652 1156 Er
686 1105 828 1156 hatte
859 1106 965 1157 ihm
990 1107 1148 1158 sehon
1173 1106 1257 1158 die
1358 1106 1449 1158 det
1484 1106 1594 1157 sich
1629 1106 1760 1157 auch
1795 1105 1858 1157 de
1893 1104 1981 1157 fin.
2006 1105 2042 1158 Ι.
2069 1108 2116 1170 7,
2142 1107 2235 1157 24:
2273 1105 2381 1156 Sed

238 1172 356 1224 funs
374 1172 575 1225 Bucher
598 1173 662 1225 de
685 1172 775 1226 fin.
800 1174 918 1227 bon.
946 1178 1000 1227 et
1021 1174 1141 1228 mal.
1171 1190 1258 1242 ge·
1358 1178 1425 1226 ut
1472 1176 1716 1225 omittam
1753 1174 2001 1240 pericula
2043 1202 2138 1238 -—,
2181 1173 2256 1224 ad
2297 1190 2376 1237 ea,

237 1240 466 1294 widmet.
1363 1258 1501 1310 quae
1532 1271 1601 1279 —
1633 1243 1885 1293 videntur
1932 1243 2161 1307 leviora,
2195 1244 2378 1292 venia-

309 1311 357 1362 3.
392 1310 467 1361 ad
479 1309 827 1376 philosophas
849 1312 1181 1378 scriptiones,
1217 1326 1258 1364 s.
1359 1327 1480 1362 mus
1513 1310 1617 1362 und
1654 1310 1732 1363 cst
1765 1311 1819 1362 in
1854 1311 1952 1363 den
1988 1309 2209 1362 Briel'en.
2262 1308 2380 1374 Vgl.

237 1376 340 1429 den
373 1377 493 1432 krit.
526 1377 659 1432 Anh.
1360 1379 1495 1431 noch
1532 1396 1583 1447 p.
1630 1378 1737 1444 Lig.
1787 1383 1833 1445 7,
1880 1382 1973 1438 20;
2022 1378 2086 1430 de
2132 1380 2255 1446 imp.
2291 1378 2379 1430 Cn.

307 1448 356 1498 4.
378 1446 623 1512 lacessiti,
641 1445 832 1499 Brutus
851 1447 992 1499 hatte
1012 1448 1093 1500 ein
1114 1446 1259 1501 Buch
1360 1447 1541 1514 Pomp.
1581 1450 1662 1513 16,
1696 1449 1779 1500 47.
1849 1447 1966 1500 Hier
2012 1447 2243 1499 schliesst
2277 1446 2379 1498 Cic.

238 1516 305 1567 de
336 1518 540 1565 virtute
573 1515 907 1582 geschrieben
942 1515 1046 1567 und
1082 1516 1258 1569 Cicero
1361 1517 1414 1568 in
1448 1514 1733 1582 profuturi
1763 1519 1927 1569 simus
1962 1515 2092 1567 auch
2129 1516 2228 1567 den
2252 1514 2380 1566 Bru-

235 1582 543 1649 gewidmet3
579 1598 620 1637 ε.
661 1582 719 1639 V.
757 1588 803 1650 1,
842 1587 887 1637 1.
1362 1589 1446 1636 tus
1482 1585 1576 1636 mit
1611 1584 1711 1637 ein.
