2834 4317
1012 138 1203 193 LlssER
1234 140 1273 195 1.
1310 144 1393 207 37,
1432 144 1512 195 89.
1550 144 1633 195 90.

2321 144 2402 202 87

236 307 557 373 Geminum
590 309 862 387 Cannae,
892 311 1156 375 Venusia
1196 312 1569 388 Marcellum.
1603 313 1814 375 Litana
1847 313 2146 389 Albinum,
2179 314 2404 379 Lucani

236 394 594 462 Gracchum.
671 396 823 460 Num
856 398 990 476 quis
1021 399 1237 462 horum
1270 400 1448 461 miser
1476 396 1701 467 hodie?
1733 418 1809 462 ne
1840 408 1967 461 tum
2000 400 2237 479 quidem
2267 410 2406 482 post

234 479 513 559 spiritum
545 491 910 557 extremum3
954 502 1065 545 nec
1096 484 1255 545 enim
1286 493 1486 564 pot-est
1514 503 1644 547 esse
1672 484 1855 546 miser
1882 485 2191 564 quisquam
2223 506 2405 550 sensu

236 574 572 647 perempto.
658 567 734 628 At
763 568 823 628 id
851 568 1048 649 ipsum
1074 568 1346 631 odiosum
1376 579 1486 645 est,
1515 572 1644 632 sine
1673 589 1856 632 sensu
1888 588 2036 632 esse.
2099 571 2403 648 Odiosum,

159 658 191 707 5
235 650 287 710 si
331 650 390 711 id
437 661 597 714 esset
640 671 863 714 carere.
925 653 1073 718 Cum
1102 674 1242 718 vero
1287 655 1670 736 perspicuum
1716 655 1794 717 sit
1836 655 1985 716 nihil
2013 675 2191 736 posse
2233 657 2297 718 in
2329 676 2401 718 eo

236 754 396 809 esse,
441 736 543 816 qui
574 737 701 817 ipse
733 758 855 799 non
888 739 981 814 sit,
1026 740 1169 819 quid
1197 750 1395 821 potest
1438 760 1566 804 esse
1609 741 1671 802 in
1702 760 1773 802 eo
1806 740 2109 816 odiosum,
2154 742 2258 821 qui
2289 761 2403 804 nec

237 832 435 883 careat
468 842 579 884 nec
609 821 869 886 sentiat?
915 823 1287 905 Quamquam
1318 826 1432 890 hoc
1464 826 1701 906 quidem
1737 826 1912 888 nimis
1941 845 2144 907 saepe,
2174 826 2280 889 sed
2311 846 2402 902 eo,

238 906 401 985 quod
431 908 493 969 in
525 908 640 970 hoc
669 909 826 971 inest
858 910 1054 972 omnis
1083 911 1265 973 animi
1295 912 1626 973 contractio
1672 930 1744 976 ex
1787 919 1950 973 metu
1996 911 2223 974 mortis.
2286 912 2401 986 Qui

236 990 401 1054 enim
430 994 570 1058 satis
599 994 839 1076 viderit,
884 994 944 1056 id
988 996 1151 1075 quod
1196 1005 1286 1059 est
1325 996 1461 1060 luce
1507 996 1754 1071 clarius,
1800 997 1999 1058 animo
2045 1006 2105 1058 et
2148 1015 2401 1078 corpore

137 1082 191 1133 10
236 1087 601 1159 consumpto
643 1087 893 1159 totoque
938 1082 1241 1146 animante
1286 1082 1481 1144 deleto
1527 1091 1588 1144 et
1629 1082 1791 1144 facto
1833 1081 2076 1144 interitu
2121 1082 2398 1145 universo

230 1161 378 1230 illud
408 1165 659 1235 animal,
702 1165 864 1245 quod
907 1167 1106 1240 fuerit,
1150 1168 1372 1230 factum
1400 1187 1531 1232 esse
1560 1166 1745 1242 nihil,
1789 1166 1839 1229 is
1876 1167 2055 1247 plane
2082 1168 2404 1249 perspiciet

233 1247 395 1310 inter
426 1249 1016 1329 Hippocentaurum,
1047 1252 1151 1331 qui
1181 1270 1509 1331 numquam
1539 1251 1738 1325 fuerit,
1771 1261 1830 1314 et
1859 1270 2062 1332 regem
2090 1251 2401 1332 Agamem-

234 1352 460 1396 nonem
490 1336 640 1397 nihil
668 1336 956 1398 interesse
977 1383 993 1411 ‚
1038 1356 1151 1399 nec
1194 1337 1383 1417 pluris
1414 1355 1580 1398 nunc
1610 1337 1805 1398 facere
1836 1337 1913 1398 M.
1947 1336 2255 1399 Camillum
2286 1339 2402 1399 hoc

234 1418 405 1480 civile
435 1420 679 1495 bellum,
724 1440 903 1501 quam
947 1440 1060 1503 ego
1107 1423 1236 1486 vivo
1268 1423 1370 1484 illo
1401 1422 1647 1483 fecerim
1677 1421 1929 1483 Romam
1959 1428 2213 1501 captam.
2283 1421 2403 1484 Cur

141 1510 193 1560 15
235 1503 421 1582 igitur
454 1514 515 1568 et
544 1505 823 1576 Camillus
853 1507 1100 1583 doleret,
1132 1508 1183 1571 si
1207 1508 1359 1578 ‚haec
1388 1515 1526 1587 post
1555 1510 1859 1570 trecentos
1889 1515 1950 1569 et
1971 1507 2403 1588 quinquaginta

238 1589 367 1654 fere
411 1609 605 1660 annos
648 1602 930 1656 eventura
974 1601 1243 1673 putaret,
1289 1601 1349 1655 et
1378 1612 1489 1674 ego
1521 1592 1778 1666 doleam,
1826 1593 1877 1655 si
1905 1593 1978 1656 ad
2008 1593 2214 1656 decem
2242 1593 2400 1658 milia

241 1696 540 1744 annorum
586 1687 830 1757 gentem
874 1678 1130 1758 aliquam
1161 1678 1312 1750 urbe
1357 1685 1562 1740 nostra
1604 1678 1924 1758 potituram
1955 1676 2205 1759 putem?
2250 1677 2400 1751 Quia

239 1771 402 1833 tanta
433 1763 644 1826 caritas
685 1764 909 1843 patriae
953 1773 1074 1840 est,
1118 1774 1185 1827 ut
1229 1782 1356 1827 eam
1402 1783 1526 1825 non
1571 1782 1754 1826 sensu
1798 1771 2038 1839 nostro,
2080 1762 2186 1825 sed
2212 1764 2401 1827 salute

241 1848 427 1929 ipsius
455 1848 791 1910 metiamur.

239 1980 628 2046 Macedonicus,
664 1981 741 2033 als
776 1980 1001 2046 Konsul,
1035 1981 1141 2042 und
1178 1981 1269 2039 Cn.

242 2049 492 2102 Servilius
542 2048 817 2114 Geminus,
871 2050 948 2102 als
994 2049 1267 2113 Konsular‚

241 2119 367 2182 216,
418 2116 489 2170 M.
534 2117 778 2169 Claudius
821 2115 1124 2182 Marcellus,
1177 2118 1268 2171 der

241 2184 488 2238 Etoberer
521 2201 624 2238 von
658 2184 899 2254 syranae,
935 2188 1054 2250 208,
1089 2186 1143 2240 L.
1162 2184 1267 2239 Po-

240 2255 462 2306 stumius
496 2252 718 2307 Albinus
752 2256 852 2307 215
896 2254 965 2307 im
1002 2255 1265 2322 cispadan.

241 2320 458 2386 Gallica,
492 2321 607 2374 Tib.
634 2322 968 2390 Sempronius
1004 2322 1264 2377 Gracchus

241 2390 341 2443 213
378 2389 536 2442 durch
571 2390 800 2455 FlaviuS,
838 2390 938 2443 den
961 2389 1264 2446 Heerffihrer

240 2457 331 2509 der
363 2458 606 2514 Lucaner.

310 2529 357 2580 1.
381 2525 583 2578 Litd'na
606 2526 760 2591 (uach
778 2526 1034 2592 Analogie
1052 2525 1265 2584 auderet

240 2593 512 2650 celtischer
535 2594 751 2659 Numen,
782 2594 927 2647 nicht
951 2595 1189 2659 Litana),
1220 2611 1263 2650 s.

143 2722 147 2726 .
237 2660 348 2720 Liv.
377 2661 546 2716 XXIII.
567 2665 651 2726 24,
677 2666 730 2715 7:
767 2662 919 2718 Silva
954 2668 1076 2720 erat
1107 2669 1263 2718 vasta

238 2730 515 2794 (Litanam
526 2731 669 2788 Galli
679 2731 984 2801 vocabant),
997 2748 1105 2799 qua
1114 2749 1268 2783 exer-

240 2801 409 2850 eitum
427 2800 781 2852 traductum
808 2805 931 2852 erat
946 2829 1033 2854 ——.
1067 2801 1154 2852 lbi
1168 2801 1267 2852 Po-

238 2869 469 2919 stumius
491 2870 639 2919 omni
659 2870 734 2932 vi,
766 2884 835 2922 ne
858 2873 1159 2936 caperetur,
1186 2869 1265 2920 di-

237 2938 445 2987 micam
480 2937 747 2988 occubuit.

308 3006 357 3060 5.
409 3004 554 3058 nihil
595 3008 656 3055 in
701 3020 764 3055 oo
809 3021 941 3060 eaeo:
996 3003 1108 3056 dass
1151 3002 1265 3057 der-

232 3071 1169 3208 {3215232323305332{la-..⁶⁸⁸⁸
1204 3088 1263 3125 ⁰⁸

306 3212 356 3264 7.
392 3211 554 3260 nimie
575 3225 748 3275 saepe,
783 3212 910 3273 sc.1a
932 3225 1016 3261 me
1040 3209 1261 3264 dieitur.

238 3275 310 3334 Zu
346 3292 408 3328 eo
443 3277 547 3343 vgl.
586 3280 636 3342 7,
673 3279 754 3331 13.

307 3346 355 3398 8.
409 3347 470 3396 in
506 3347 633 3409 Ιιοο,
676 3344 728 3397 d.
764 3345 813 3397 h.
862 3343 975 3397 dass
1018 3344 1113 3398 das
1145 3347 1263 3402 siue

234 3428 392 3468 sensu
426 3429 535 3464 ome
569 3412 650 3470 als
674 3412 910 3470 odiosum
945 3413 1065 3479 gilt3
1103 3416 1263 3477 inest,

239 3495 281 3533 8.
316 3497 382 3533 zu
420 3483 504 3545 27,
541 3483 624 3536 66.

305 3553 477 3601 animi
499 3552 801 3606 contractio
832 3548 923 3606 das
962 3548 1264 3616 beengende

238 3616 449 3683 Cesum,
530 3618 625 3672 das
692 3617 1084 3682 Gedrficktsein,
1172 3617 1264 3672 das

239 3684 508 3752 Gegenteil
542 3702 647 3740 von
670 3687 865 3750 effusio
890 3688 1064 3738 animi
1096 3686 1157 3751 (s.
1176 3685 1264 3739 lv.

239 3754 331 3820 31,
369 3758 471 3821 66).
539 3754 615 3807 Zu
662 3754 753 3807 der
796 3754 1131 3808 attributiven
1167 3752 1264 3808 Be-

239 3822 543 3892 stimmung‚
592 3839 663 3873 σω
713 3827 857 3874 metu
908 3824 1101 3875 mortis
1150 3824 1264 3889 (sus

1370 1980 1462 2036 der
1486 1980 1830 2035 Todesfurcht
1866 1982 2401 2049 hervorgehend)

1370 2049 1477 2116 vgl.
1515 2052 1599 2116 22,
1636 2053 1727 2103 51:
1764 2054 1880 2104 sine
1915 2066 2158 2117 corpore.

1441 2120 1523 2173 13.
1578 2134 1677 2170 nee
1705 2118 1885 2184 pluris
1917 2116 2104 2179 facere
2139 2121 2236 2171 cet.
2293 2117 2398 2180 und

1367 2184 1482 2238 dats
1536 2185 1780 2240 Camillus
1832 2187 1943 2239 sich
1991 2188 2127 2252 jetzt
2180 2186 2400 2240 ehenso-

1368 2254 1542 2320 wenig
1576 2270 1664 2308 um
1699 2253 1799 2310 den
1824 2256 2248 2321 gegenwiirtigen
2271 2253 2400 2308 Biir-

1366 2321 1606 2388 gerkrieg
1658 2322 1916 2374 kflmmert
1947 2351 2037 2377 —.
2110 2322 2180 2375 Μ.
2216 2322 2398 2380 Furius

1366 2389 1628 2453 Camillus,
1663 2390 1754 2445 der
1776 2389 1954 2442 Retter
1976 2389 2135 2443 Rome
2158 2406 2263 2442 von
2297 2390 2397 2443 den

1366 2456 1612 2524 Galliern,
1647 2459 1748 2511 390
1767 2473 1834 2510 ⁴v.
1861 2457 1975 2510 Chr.

1437 2529 1519 2582 15.
1544 2526 1762 2592 doleret,
1785 2528 1837 2576 si
1862 2554 1924 2563 -—
1985 2528 2202 2578 uiaret?
2244 2524 2318 2576 Zu
2346 2524 2396 2578 d.

1367 2592 1515 2662 Conj.
1540 2592 1745 2659 Imperf.
1772 2596 1899 2646 statt
1962 2607 2019 2645 es
2044 2592 2190 2658 Conj.
2216 2592 2340 2646 Plus
2382 2633 2395 2648 .

1365 2663 1419 2714 in
1460 2661 1695 2715 beiden
1732 2661 1922 2716 Siitzcn
1969 2661 2077 2728 vgl.
2113 2660 2244 2714 Phil.
2270 2661 2395 2717 VII.

1366 2733 1417 2795 4,
1433 2733 1521 2783 14:
1547 2746 1677 2782 num
1696 2732 1871 2796 igitur
1890 2744 2028 2795 eum,
2044 2732 2094 2780 si
2113 2734 2228 2784 tum
2245 2747 2397 2797 uses,

1369 2802 1717 2851 temerarium
1768 2802 1936 2850 civem
1988 2802 2087 2850 aut
2131 2799 2397 2851 crudelem

1362 2871 1621 2934 putares?

1441 2938 1520 2990 16.
1547 2936 1620 2987 ad
1642 2936 1818 2987 decem
1841 2934 1998 2985 milia
2023 2949 2290 2986 annorum
2331 2935 2395 2987 in

1365 3002 1716 3056 zehntausend
1750 3002 1959 3066 Jahren‚
2005 3002 2288 3069 cigentlich
2341 3004 2395 3055 in

1366 3072 1484 3124 dem
1508 3070 1835 3138 Zeitpunkte‚
1871 3071 1925 3123 in
1952 3072 2204 3128 walchem
2229 3086 2287 3124 es
2312 3071 2394 3123 bis

1363 3156 1432 3192 zu
1466 3139 1815 3194 zehntausend
1853 3138 2182 3192 vollendeten
2203 3138 2395 3192 Jahren

1364 3207 1672 3274 gekommen
1708 3209 1793 3262 ist.
1852 3206 1922 3259 So
1948 3207 2013 3259 ad
2036 3208 2145 3261 Att.
2169 3206 2272 3261 XII.
2296 3208 2394 3260 46:

1364 3278 1544 3328 nescio
1590 3276 1722 3341 quid
1753 3278 1996 3338 intersit,
2040 3281 2227 3327 utrum
2262 3275 2396 3327 illuc

1363 3360 1511 3398 nunc
1542 3346 1757 3397 veniam
1791 3360 1864 3397 cm
1898 3344 1975 3398 ad
1993 3344 2172 3396 decem
2196 3358 2393 3404 annon

1365 3412 1435 3470 de
1467 3428 1541 3470 or.
1579 3412 1654 3466 III.
1693 3415 1778 3477 24,
1816 3413 1898 3465 92.

1439 3484 1522 3535 18.
1564 3485 1628 3533 ut
1662 3497 1780 3532 eam
1816 3509 1880 3520 -
1915 3480 2232 3534 metiamur:
2283 3477 2397 3532 dats

1369 3548 1467 3602 wir
1485 3549 1629 3606 nicht
1652 3548 1734 3601 die
1753 3546 1920 3606 Dauer
1938 3561 2150 3600 unseres
2168 3544 2396 3614 Empfin-

1368 3618 1866 3683 dungsvermogens,
1902 3614 2127 3669 sondern
2151 3614 2397 3680 Iediglich

1368 3686 1478 3738 sein
1514 3684 1768 3737 Interesse
1804 3684 1883 3737 als
1916 3682 2166 3736 Massstab
2203 3682 2284 3735 fur
2319 3683 2396 3733 sie

1368 3753 1686 3816 annehmen‚
1746 3752 1795 3804 d.
1832 3753 1883 3804 h.
1937 3751 2021 3806 die
2072 3751 2227 3803 Liebe
2278 3765 2394 3802 zum

1370 3820 1676 3878 Vaterlande
1715 3820 1870 3874 treibt
1905 3835 2001 3872 uns
2038 3834 2120 3885 an,
2161 3818 2290 3871 auch
2316 3816 2396 3869 fiir

2448 583 2508 633 90
