2834 4317
869 224 1060 277 LIBER
1092 224 1176 277 lv.
1218 228 1298 292 11,
1317 228 1398 279 26.
1418 227 1503 281 27.
1543 228 1624 290 12,
1646 228 1730 279 27.
2132 259 2143 267 -
2297 226 2379 284 69

222 391 726 478 μισάνθρωπος
779 396 1140 477 appellatur,
1207 405 1275 457 ut
1317 396 1741 478 inhospitalitas
1794 405 1916 472 est,
1977 417 2128 478 quae
2174 417 2384 462 omnes

215 480 659 560 aegrotationes
704 481 887 542 animi
933 500 1004 542 ex
1048 481 1303 561 quodam
1346 490 1509 543 metu
1558 489 1888 544 nascuntur
1926 502 2128 544 earum
2160 502 2383 560 rerum,

214 584 369 645 quas
410 566 650 647 fugiunt
696 575 756 627 et
787 566 1061 628 oderunt.
1122 566 1429 628 Definiunt
1469 575 1663 628 autem
1710 567 1891 629 animi
1935 572 2387 648 aeqrotationem
2431 580 2488 630 26

214 651 629 730 opinationem
676 651 1084 713 vehementem
1115 652 1189 713 de
1217 670 1283 713 re
1314 670 1439 712 non
1475 653 1841 732 expetenda,
1891 661 2188 733 tamquam
2218 655 2387 717 valde

134 747 164 796 5
217 737 556 815 expetenda
599 736 706 811 sit,
766 736 1179 798 inhaerentem
1223 744 1284 797 et
1329 738 1574 816 penitus
1616 737 1875 799 insitam.
1967 738 2140 810 Quod
2186 749 2384 801 autem

64 869 71 875 .
168 820 491 882 -nascitur
520 839 592 882 ex
637 822 951 904 offensione
994 822 1073 883 ita
1119 821 1446 896 definiunt,
1494 821 1841 902 opinionem
1870 823 2281 885 vehementem
2314 825 2388 886 de

219 925 288 967 re
333 924 456 967 non
501 905 781 986 fugienda
826 906 1236 969 inhaerentem
1280 917 1342 968 et
1385 907 1627 986 penitus
1669 906 1911 969 insitam
1953 916 2255 988 tamquam
2294 910 2387 970 fu-

222 990 471 1070 gienda3
516 991 662 1052 haec
706 999 907 1052 autem
938 991 1202 1070 opinatio
1236 999 1325 1053 est
1352 991 1634 1053 iudicatio
1666 1011 1731 1054 se
1762 994 1915 1054 scire
1948 995 2108 1072 quod
2142 994 2386 1056 nesciat.

219 1075 619 1154 Aeqrotationi
654 1084 852 1137 autem
893 1076 1031 1137 talia
1077 1077 1366 1155 quaedam
1407 1075 1675 1139 subiecta
1712 1087 1884 1140 sunt.
1933 1082 2218 1152 avariti,a
2259 1099 2390 1142 am-

118 1169 179 1221 10
225 1160 397 1232 ῠίιιᾈο
443 1161 861 1233 mulierositas,
905 1165 1265 1242 pervicacia,
1312 1162 1643 1259 liqurri‘tto,
1688 1162 2046 1234 vinulentia,
2092 1166 2387 1245 cuppedia,

221 1253 283 1305 et
324 1244 373 1306 si
404 1264 521 1324 qua
549 1245 777 1307 similia.
842 1206 951 1307 ’Est
991 1253 1190 1307 autem
1228 1247 1468 1307 avaritia
1497 1245 1764 1326 opinatio
1795 1248 2116 1309 vehemens
2164 1249 2237 1309 de
2280 1267 2389 1345 pe-

225 1330 434 1405 cunia,
489 1331 658 1410 quasi
702 1331 870 1392 valde
912 1331 1240 1429 expetenda
1281 1332 1389 1405 sit,
1447 1331 1768 1393 inhaerens
1810 1339 1870 1393 et
1905 1333 2150 1413 penitus
2192 1333 2387 1406 insita,

229 1414 555 1495 similisque
579 1424 668 1477 est
690 1415 955 1477 eiusdem
991 1417 1232 1496 generis
1259 1416 1525 1478 definitio
1557 1416 1938 1496 reliquarum.
1986 1417 2387 1500 offensionum
2430 1427 2488 1478 27

228 1509 429 1561 autem
471 1500 849 1562 definitiones
892 1509 1037 1563 sunt
1079 1500 1205 1563 eius
1245 1501 1436 1576 modi,
1498 1509 1563 1562 ut
1602 1500 2024 1582 i‘nhospttalitas
2064 1502 2140 1564 sit
2183 1502 2386 1584 opinio

28 1594 31 1667 ξ
124 1596 183 1647 15
227 1585 552 1649 vehemens
572 1585 736 1646 valde
759 1585 1139 1673 fugiendum
1134 1604 1264 1648 esse
1294 1586 1593 1665 hospitem
1623 1605 1811 1666 eaque
1842 1587 2163 1649 inhaerens
2194 1596 2252 1649 et
2280 1606 2389 1667 pe-

28 1672 31 1703 *
231 1671 398 1733 nitus
435 1670 642 1743 insita,
673 1670 1062 1750 similiterque
1086 1658 1369 1732 definitur
1399 1680 1460 1732 et
1486 1670 1795 1733 mulierum
1825 1672 2043 1746 odium,
2072 1681 2140 1734 ut
2162 1671 2390 1754 Hippo-

228 1755 358 1835 lyti,
389 1765 467 1828 et,
499 1764 566 1816 ut
592 1755 881 1830 Timonis,
909 1759 1129 1835 qenerts
1155 1756 1414 1818 humani.

405 1841 599 1918 Atque
627 1850 695 1901 ut
722 1842 794 1902 ad
822 1840 1173 1902 valetudinis
1203 1840 1651 1902 similitudinem
1682 1840 1987 1902 veniamus
2028 1859 2216 1920 eaque
2239 1858 2386 1902 con·
2421 1844 2493 1901 12

233 1924 457 1986 latione
497 1934 734 1987 utamur
773 1925 1090 2004 aliquando
1108 1971 1124 2001 ,
1173 1926 1278 1988 sed
1318 1926 1587 2005 parcius,
1633 1943 1807 2005 quam
1840 1926 2035 1987 solent
2067 1925 2279 2001 Stoici,
2323 1934 2392 1986 ut

131 2021 190 2072 2⁰
231 2017 378 2072 sunt
411 2009 507 2072 alii
549 2012 621 2071 ad
668 2010 813 2072 alios
852 2009 1098 2072 morbos
1140 2011 1557 2091 procliviore8‚
1594 2011 1792 2090 itaque
1841 2011 2092 2072 dicimus
2124 2009 2390 2090 gravedi-

235 2194 380 2258 Zeit,
428 2193 653 2247 welcher
687 2193 848 2260 jeden
896 2194 1127 2246 Verkehr
1169 2194 1263 2245 mit

235 2261 461 2315 anderen
487 2260 766 2314 Menschen
794 2261 948 2329 mied,
983 2262 1141 2314 durch
1167 2261 1263 2314 Lu-

237 2330 353 2383 cian
389 2329 443 2381 in
479 2331 647 2383 einem
683 2330 869 2396 eignen
905 2329 1121 2396 Dialoge
1145 2345 1264 2382 vor·

197 2394 205 2401 ’
239 2396 460 2451 trefflich
496 2397 824 2464 geschildert.

312 2469 358 2519 1.
395 2482 532 2532 quae
557 2493 616 2505 -—
649 2469 1046 2530 aegrotationes
1079 2467 1266 2530 animi,

237 2533 354 2585 hier
396 2533 466 2585 im
501 2534 713 2586 weitern
752 2532 934 2598 Sinne,
976 2531 1040 2584 da
1085 2548 1142 2585 er
1175 2534 1268 2586 (133

238 2602 429 2667 meint,
474 2616 584 2653 was
620 2616 676 2654 er
717 2602 906 2653 vorher
950 2601 1267 2664 offensiones

241 2640 652 2800 μέαὸἰὲῗπίαηί
667 2765 736 2775 --
755 2740 926 2789 animi
943 2739 1269 2801 aegrotatio·

241 2821 380 2858 nem.
434 2805 536 2857 Cic.
565 2805 908 2857 verwechselt
931 2803 1159 2858 offenbar
1182 2803 1265 2858 die

243 2876 549 2939 aegrotatio
595 2873 690 2925 mit
724 2873 838 2925 dem
873 2875 1114 2938 morbus,
1162 2889 1266 2926 von

243 2941 494 2994 welchem
554 2941 666 2993 hier
715 2941 798 2993 die
850 2939 1125 2993 Definition
1179 2955 1269 3006 ge-

243 3011 409 3093 geben
438 3009 581 3062 wird.
619 3008 736 3075 Vgl.
766 3008 913 3091 Πίος.
938 3008 991 3060 L.
1018 3007 1118 3060 vll.
1143 3012 1264 3062 115:

242 3075 460 3162 νόσημοι.
504 3076 674 3143 οἴησις
716 3071 934 3146 σφόδρα
981 3071 1269 3128 δοκοῦντος

250 3143 558 3276 αἱὲηὲῗιοά
590 3217 769 3264 autem
793 3215 1043 3263 nascitur
1065 3228 1135 3262 σω
1164 3214 1267 3265 cet.

245 3280 454 3334 wieder
478 3282 593 3334 eine
614 3279 1030 3347 Ungenauigkeit
1046 3279 1266 3343 Cicerae,

246 3348 308 3401 (13
329 3349 411 3401 die
437 3349 661 3412 offensio
684 3349 847 3401 selbst
869 3347 973 3400 und
996 3347 1141 3401 nicht
1158 3347 1267 3413 (133,

247 3431 356 3469 was
409 3431 503 3469 aus
553 3416 635 3469 ihr
669 3417 1014 3483 hervorgeht,
1072 3415 1269 3467 erkliirt

247 3484 456 3537 werden
492 3484 608 3537 soll.

317 3555 363 3606 8.
400 3554 531 3605 llaec
565 3557 743 3603 autem
766 3554 1007 3619 opinatio
1033 3552 1157 3618 geht
1180 3550 1272 3604 aul

248 3620 396 3672 beide
415 3620 720 3687 angeifihrte
734 3618 891 3671 Arten
907 3620 998 3671 der
1010 3622 1266 3686 opinatio.

316 3689 580 3740 iudicatio
604 3687 687 3739 fur
703 3687 965 3738 iudicium
984 3687 1108 3754 (ng.
1130 3690 1178 3751 7,
1204 3690 1267 3739 15

247 3772 311 3808 zu
335 3758 614 3823 opinatio),
633 3754 883 3808 ebenialls
904 3770 1002 3807 neu
1023 3754 1269 3822 gebildet,

249 3824 349 3877 wie
373 3825 734 3876 mulierositas
757 3823 862 3874 und
885 3824 1146 3889 cuppedia
1166 3822 1270 3875 und

251 3892 284 3958 ξ
305 3894 370 3946 28
406 3893 596 3959 lapsio,
630 3893 940 3958 despicatio.

1434 2211 1490 2244 se
1534 2196 1691 2246 seire.
1769 2194 1840 2245 Se
1889 2194 1960 2247 ist
2011 2194 2100 2246 der
2146 2194 2392 2248 reflexive

1367 2261 1489 2313 Ace.
1538 2261 1668 2313 auch
1719 2277 1823 2313 von
1871 2260 1987 2313 dem
2031 2260 2192 2314 ludes.
2231 2254 2391 2328 ςιιι3ιι,

1369 2320 1543 2381 einer'.
1597 2327 1712 2395 Vgl.
1735 2330 1868 2382 oben
1907 2333 1956 2391 9,
1975 2331 2068 2383 20.
2102 2333 2219 2381 sine
2252 2345 2392 2381 emo-

1369 2398 1607 2448 lumento
1640 2412 1766 2461 suo,
1810 2396 1914 2448 und
1962 2413 2026 2448 zu
2059 2396 2137 2449 111.
2177 2400 2258 2462 16,
2294 2400 2390 2450 34:

1368 2464 1512 2516 nihil
1550 2481 1675 2516 esse.

1439 2535 1490 2585 9.
1515 2533 1651 2584 talia
1676 2532 1965 2598 quaedam:
1991 2534 2127 2584 etwa
2149 2531 2390 2598 folgende

1370 2599 1644 2652 Zustinde.

1443 2671 1523 2720 10.
1572 2669 1851 2732 ligur-Pilio
1893 2691 1963 2713 ει-
1992 2667 2391 2733 gourmandise‚

1368 2734 1864 2801 Leckerhat'tigkeit3
1943 2735 2204 2802 cuppedia
2268 2736 2392 2798 (von

1371 2819 1439 2854 eu
1476 2805 1531 2855 io
1566 2803 1670 2856 und
1702 2804 1893 2869 edere),
1927 2801 2394 2869 Naschhat'tigkeit,

1413 2891 1434 2921 l

1369 2890 1410 2940 φ
1442 2941 1521 2993 16.
1565 2938 1916 3007 Hippolytus,
1969 2937 2059 2991 der
2105 2938 2248 2992 Sohn
2302 2939 2394 2992 des

1368 3006 1630 3072 TheseuS,
1686 3006 1777 3059 der
1829 3006 1907 3058 313
1962 3008 2045 3058 ein
2099 3006 2255 3074 Opser
2304 3007 2396 3059 der

1368 3046 1663 3127 Rachsucl’it
1674 3076 1842 3127 seiner
1854 3073 2179 3127 Stiefmutter
2195 3074 2394 3127 Phadra

1369 3141 1489 3208 fiel,
1545 3141 1623 3194 als
1676 3157 1732 3194 er
1782 3143 1894 3195 ihre
1945 3143 2391 3196 verbreeherische

1368 3211 1525 3263 Liebe
1543 3225 1607 3262 ιιι
1625 3209 1729 3263 ihm
1753 3209 2209 3277 zuruckgewiesen
2231 3211 2391 3267 hatte.

1371 3277 1489 3345 Vgl.
1513 3277 1686 3344 Eurip.
1718 3278 1922 3359 Hippoi.
1946 3294 1996 3331 v.
2029 3281 2091 3331 10
2110 3293 2188 3345 sq.

1445 3348 1524 3400 18.
1571 3348 1775 3413 Atque,
1823 3347 1924 3399 wie
1957 3345 2284 3410 111.13‚28;
2331 3360 2392 3397 so

1371 3415 1504 3467 auch
1540 3418 1699 3466 nnten
1738 3418 1819 3479 13,
1856 3417 1938 3467 30.
2005 3412 2122 3479 Vgl.
2158 3412 2289 3463 auch
2326 3428 2392 3464 zu

1370 3482 1445 3535 111.
1493 3485 1683 3545 7,14:
1732 3485 2003 3548 quoniam.
2079 3480 2394 3545 Aliquando

1370 3552 1473 3604 wie
1507 3520 1585 3602 111.
1610 3552 1692 3614 32,
1712 3554 1793 3604 77.
1845 3549 1941 3601 Eia
1965 3547 2237 3614 Vergleich
2268 3548 2395 3600 zwi-

1371 3620 1527 3670 schen
1583 3618 1838 3684 geistigen
1884 3617 1990 3668 und
2035 3615 2394 3683 kerperlichen

1370 3685 1663 3739 Zustfinden
1707 3686 1778 3737 ist
1812 3686 2056 3751 ubrigens
2092 3685 2254 3737 sehon
2288 3685 2396 3737 ein-

1372 3754 1475 3807 mal
1513 3754 1574 3806 da
1613 3768 1884 3834 gewesen.
1925 3757 2005 3817 10,
2026 3754 2108 3805 23.

1443 3825 1525 3876 20.
1559 3824 1745 3888 itaque
1778 3814 1902 3874 ‘und
1934 3822 2034 3874 wie
2069 3821 2167 3872 wir
2199 3821 2251 3872 in
2288 3819 2393 3872 die·

1373 3905 1457 3942 ser
1490 3889 1787 3956 Beziehung
1821 3882 1905 3929 —'
