2834 4317
1099 202 1290 255 menn
1327 201 1388 255 v,
1426 204 1610 268 zema.

2307 200 2426 260 141

269 379 501 440 litatem
535 376 746 438 civium
777 382 999 447 cernat,
1032 375 1248 437 iustitia
1279 375 1428 436 nihil
1459 375 1519 435 in
1552 373 1717 436 suani
1749 376 1989 436 domum
2022 376 2160 437 inde
2190 375 2428 451 derivet,

272 463 522 542 reliquis
564 469 765 523 utatur
806 467 895 521 tot
936 469 1054 520 tam
1101 461 1392 540 variisque
1433 458 1792 521 virtutibus?
1862 460 2132 539 Adiunge
2173 462 2431 522 fructum

273 548 698 619 amicitiarum,
752 546 814 605 in
862 564 981 624 quo
1026 546 1214 608 doctis
1254 545 1512 626 positum
1560 554 1649 606 est
1705 564 1837 607 cum
1885 547 2199 608 consilium
2242 546 2436 607 omnis

272 635 430 695 vitae
461 631 845 694 consentiens
876 639 935 690 et
962 648 1151 710 paene
1197 631 1579 710 conspiranS,
1621 639 1745 691 tum
1779 649 2004 691 summa
2036 631 2370 693 iucunditas
2401 649 2433 691 e

187 733 224 782 5
273 718 573 781 cotidiano
621 716 782 777 cultu
827 724 1004 795 atque
1047 717 1220 777 victu.
1311 715 1465 786 Quid
1496 716 1639 777 haec
1682 717 1917 777 tandem
1962 717 2074 777 vita
2123 717 2432 788 desiderat,

279 823 403 884 quo
434 803 510 865 sit
538 798 813 862 beatior?
874 802 969 861 cui
1000 803 1249 862 refertae
1295 808 1385 861 tot
1429 801 1728 880 tantisque
1766 801 1994 880 gaudiis
2040 803 2277 863 fortuna
2309 802 2434 882 ipsa

281 889 455 951 cedat
486 905 728 949 necesse
759 894 868 947 est.
937 886 1109 957 Quod
1153 887 1201 948 si
1244 885 1501 966 gaudere
1544 886 1759 947 talibus
1801 886 1978 949 bonis
2006 888 2217 961 animi,
2249 887 2319 950 id
2349 896 2438 949 est

277 973 613 1048 virtutibus,
644 971 885 1032 beatum
916 980 1023 1045 est,
1057 989 1381 1050 omnesque
1413 971 1711 1049 sapientes
1740 972 1831 1033 his
1859 971 2085 1050 gaudiis
2114 974 2435 1053 perfruun-

279 1069 400 1134 tur,
436 1059 629 1120 omnis
660 1076 762 1118 eos
791 1056 994 1118 beatos
1025 1076 1152 1117 esse
1185 1056 1455 1118 confiteri
1487 1074 1731 1118 necesse
1762 1066 1868 1118 est.

168 1157 240 1208 10
458 1144 523 1204 A.
574 1142 889 1203 Etiamne
874 1161 936 1202 m
969 1142 1233 1203 cruciatu
1276 1150 1453 1221 atque
1496 1140 1853 1203 tormentis?
1913 1142 1993 1203 M.
2030 1144 2116 1203 An
2157 1151 2222 1203 tu
2253 1161 2345 1203 me
2377 1141 2436 1203 in
2464 1123 2540 1178 2⁶

284 1230 436 1291 viola
468 1228 718 1309 putabas
748 1236 848 1288 aut
876 1227 936 1288 in
969 1246 1102 1289 rosa
1134 1225 1379 1288 dicere?
1443 1228 1532 1287 An
1560 1226 1838 1305 Epicuro,
1871 1227 1972 1306 qui
2000 1236 2230 1288 tantum
2262 1206 2511 1288 m0d07
2483 1206 2541 1256 73

286 1314 484 1376 induit
526 1330 838 1393 personam
883 1312 1220 1392 philosophi
1265 1319 1323 1372 et
1366 1312 1481 1373 sibi
1524 1312 1649 1390 ipse
1694 1311 1809 1373 hoc
1855 1330 2069 1373 nomen
2116 1313 2436 1392 inscripsit,

292 1400 491 1461 dicere
523 1397 742 1470 licebit,
774 1399 933 1476 quod
958 1398 1216 1495 quidem,
1248 1405 1315 1458 ut
1336 1397 1514 1458 habet
1543 1415 1607 1458 se
1630 1415 1745 1470 res,
1777 1416 1870 1458 me
1898 1407 2093 1458 tamen
2121 1396 2438 1476 plaudente

290 1485 469 1559 dicit,
503 1484 731 1545 nullum
762 1483 1012 1563 sapienti
1045 1501 1173 1544 esse
1201 1490 1470 1586 tempus,
1504 1482 1677 1542 etiam
1710 1483 1759 1543 si
1788 1492 2026 1557 uratur,
2070 1490 2438 1584 torqueatur,

174 1576 242 1636 15
289 1577 554 1644 secetur,
602 1569 745 1647 quin
780 1568 967 1648 possit
1014 1568 1370 1628 exclamare.

1426 1560 1647 1638 ‘Quam
1670 1586 1782 1649 pro
1825 1567 2008 1630 nihilo
2032 1559 2237 1648 puto!
2304 1586 2437 1629 cum

289 1654 638 1736 praesertim
672 1671 848 1714 omne
879 1651 1096 1713 malum
1129 1652 1347 1714 dolore
1364 1653 1635 1727 definiat,
1681 1656 1904 1714 bonum
1932 1651 2262 1731 voluptate,
2295 1653 2440 1714 haec

292 1748 497 1801 nostra
529 1740 771 1800 honesta
801 1739 1000 1818 turpia
1029 1737 1282 1799 inrideat
1310 1737 1585 1817 dicatque
1614 1758 1726 1799 nos
1754 1739 1814 1799 in
1845 1738 2090 1799 vocibus
2122 1747 2441 1818 occupatos

295 1824 494 1886 inanis
536 1843 716 1885 sonos
762 1824 1012 1885 fundere
1053 1841 1254 1902 ,neque
1300 1823 1616 1903 quicquam
1661 1824 1733 1884 ad
1780 1842 1890 1885 nos
1934 1824 2266 1904 pertinere,
2328 1823 2441 1885 nisi

369 1979 412 2029 1.
448 1978 507 2024 in
541 1990 693 2025 suam
728 1974 958 2025 domum.
1039 1972 1128 2024 Die
1165 1972 1313 2039 Prfip.

295 2045 366 2095 ist
402 2049 615 2109 gesetzss
655 2042 771 2093 weil
810 2043 951 2092 nicht
986 2041 1068 2093 die
1101 2041 1315 2106 Heimat,

298 2112 518 2163 sondern
545 2111 636 2161 das
660 2109 821 2161 Lokal
844 2109 1146 2161 bezeichnet
1169 2106 1314 2172 wird,

297 2182 352 2231 in
396 2178 646 2231 welchem
700 2178 791 2229 der
835 2176 1158 2244 Gegenstand
1204 2192 1317 2227 ver—

296 2247 503 2299 bleiben
529 2246 654 2308 soll;
690 2246 793 2312 vgl.
822 2246 884 2297 de
915 2244 1000 2296 off.
1034 2246 1068 2298 l.
1089 2248 1173 2310 39,
1196 2246 1316 2298 138:

297 2317 487 2381 Itaque
529 2315 622 2365 ille
665 2317 726 2364 in
759 2330 915 2365 suam
950 2314 1161 2364 domum
1197 2328 1318 2364 con-

294 2385 532 2435 sulatum
557 2385 774 2449 primus
812 2382 1015 2433 attulit.

369 2453 416 2505 2.
462 2456 571 2501 tam
620 2453 907 2516 variisque.
969 2449 1078 2512 Quo,
1124 2452 1230 2499 erst
1253 2463 1318 2499 an

297 2523 490 2640 ’ἐῗῗῗῃ
511 2519 737 2653 εέἓέἕέἕὲ
748 2518 939 2653 ...335¹
966 2522 1104 2653 631⁷?
1118 2518 1320 2649 ιθωέξῖ

297 2658 388 2709 83:
433 2672 493 2706 ea
528 2670 708 2738 reque.

367 2720 606 2805 fructum
634 2715 1015 2789 ‘genut'sreiche
1049 2719 1320 2773 Unterhal-

297 2798 389 2845 tun

369 2806 459 2913 5g
464 2858 612 2908 cultu
655 2861 814 2922 atque
858 2859 1032 2907 victu.
1094 2828 1321 2907 Coml’ort

299 2929 388 2980 der
407 2925 995 2991 Lebensgemeinschaft,
1013 2924 1121 2989 vgl.
1141 2926 1223 2988 22,
1237 2926 1318 2976 63.

298 2997 399 3049 Der
450 3008 610 3061 ganze
663 2992 1083 3060 prepositionelle
1135 2991 1319 3043 Zusatz

301 3063 507 3116 vei-tritt
530 3062 612 3114 ein
637 3062 885 3126 Attribut,
925 3061 1022 3112 wie
1045 3058 1128 3112 IV.
1155 3062 1203 3123 8,
1231 3061 1320 3114 18.

303 3131 815 3263 αθῖὃηίξῖῑῖἰεξιηΐίἕξα
836 3197 1002 3258 cedat.
1051 3194 1120 3248 So
1143 3194 1322 3248 Par-ad.

301 3267 363 3318 V.
386 3271 428 3332 l,
440 3270 531 3319 34:
546 3281 635 3316 cuz
626 3266 1135 3334 quidem(sapionti)
1145 3267 1325 3327 etiam,

303 3337 580 3466 guaefvirgt
627 3336 820 3385 habere
861 3335 1152 3454 mzoetimam
1191 3333 1325 3384 diei-

330 3421 396 3453 m·
476 3419 540 3453 or
564 3418 675 3453 una
711 3405 830 3486 ipsa
863 3418 918 3453 ce
957 3417 978 3450 z

374 3474 419 3524 8.
465 3473 674 3522 boatum
714 3462 1177 3534 ‘Gliickseligkeit’‚

306 3542 388 3602 15,
418 3541 512 3599 453
548 3538 652 3604 νεὶ.
688 3537 723 3592 1.
751 3542 799 3604 5,
825 3541 883 3591 9·
919 3539 1187 3588 miserum.

374 3578 456 3660 ⁹10.
478 3609 537 3657 in
561 3606 969 3658 viola—autin
986 3620 1138 3656 rosa:
1149 3599 1326 3656 ‘wenn

306 3676 445 3727 einer
469 3673 558 3726 auf
585 3672 753 3726 Rosen
782 3677 1014 3741 gebettet
1035 3664 1147 3724 ist'.
1207 3672 1326 3725 Hor.

305 3744 466 3795 Germ.
491 3741 526 3793 1.
555 3745 602 3806 5,
629 3746 685 3794 1:
735 3743 862 3806 Qun
900 3741 1069 3792 mulla
1100 3742 1330 3807 gracilis

264 3833 272 3844 ⁴
306 3817 358 3863 te
383 3827 525 3877 puer
558 3817 616 3860 in
652 3826 778 3863 rosa
802 3840 867 3850 —
891 3813 1085 3875 urget?
1117 3839 1180 3847 -—
1209 3809 1329 3861 Dass

292 3895 424 3933 ,man
461 3880 513 3930 in
540 3876 661 3930 Lust
695 3879 798 3931 und
824 3878 1017 3931 Frende
1054 3878 1161 3929 sich
1200 3876 1330 3929 auch

1223 3482 1324 3520 Wle

1418 1976 1513 2025 mit
1537 1974 1931 2027 Rosenkriinzen
1962 1974 2262 2027 schmiickte
2297 1989 2339 2026 S.
2362 1974 2439 2026 111.

1423 2044 1506 2106 18,
1533 2045 1614 2108 43,
1651 2058 1734 2094 wo
1758 2059 1884 2094 rosa
1911 2043 2164 2095 ebenl’alls
2188 2042 2441 2094 kollektiv

1420 2112 1574 2162 steht.

1492 2182 1574 2231 11.
1599 2180 1685 2231 An
1710 2179 1950 2244 Epicuro
1975 2182 2073 2229 cet.
2127 2177 2225 2230 Der
2242 2177 2441 2244 Gegen-

1420 2250 1530 2299 satz
1555 2247 1730 2297 hierzu
1761 2246 1913 2297 sollte
1937 2246 2160 2297 nachher
2183 2246 2317 2297 sein:
2354 2249 2438 2310 iis,

1423 2318 1518 2382 qui
1550 2315 1692 2365 nihil
1712 2314 2082 2380 expetendum,
2119 2314 2265 2379 quod
2285 2315 2443 2364 hone-

1420 2388 1558 2435 state
1580 2388 1781 2446 careat,
1817 2384 2148 2447 emistimant,
2183 2397 2293 2432 non
2322 2382 2442 2433 lice-

1423 2454 1535 2502 bit?
1604 2450 1674 2501 Da
1713 2451 1886 2501 Cicero
1934 2450 2056 2501 aber
2101 2450 2186 2502 bei
2221 2448 2443 2516 Epikurs

1424 2518 1643 2571 Ansicht
1667 2519 1844 2583 langer
1867 2517 2119 2582 verweilt,
2156 2532 2215 2570 so
2240 2518 2363 2570 hebt
2388 2533 2442 2569 er

1424 2587 1457 2654 ξ
1498 2590 1561 2640 75
1598 2602 1700 2638 von
1738 2600 1918 2638 neuem
1956 2601 2045 2637 an:
2091 2585 2199 2638 Sed
2241 2602 2360 2637 cum
2394 2588 2443 2636 is

1425 2657 1574 2707 dicat
1608 2659 1706 2706 cet.

1496 2725 1574 2777 13.
1596 2730 1656 2774 ut
1674 2724 1831 2773 habet
1846 2737 1903 2771 se
1918 2737 2029 2772 res.
2049 2721 2177 2776 nach
2199 2720 2330 2784 dem,
2342 2721 2442 2773 wie

1424 2791 1508 2844 die
1545 2791 1710 2843 Sache
1753 2805 1854 2840 nun
1893 2789 2082 2840 einmal
2117 2790 2271 2850 steht,
2307 2762 2355 2842 d.
2395 2790 2444 2843 h.

1425 2860 1488 2911 da
1527 2875 1581 2911 er
1615 2860 1746 2912 eben
1774 2857 1865 2910 das
1889 2856 2125 2924 Richtige
2162 2856 2304 2921 trifft,
2339 2858 2444 2924 vgl.

1425 2931 1510 2993 28,
1529 2929 1618 2981 82:
1646 2942 1750 2993 quo
1773 2926 1930 2978 modo
1954 2942 2098 2977 nune
2124 2930 2223 2988 θείς
2252 2931 2444 2990 tamen,

1428 2996 1548 3048 weil
1584 2996 1666 3048 die
1701 2995 2089 3061 lnkonsequenz
2126 2994 2218 3047 des
2252 2994 2447 3062 Epikur

1410 3065 1540 3121 ,eine
1569 3064 1921 3128 Zustimmung
1958 3062 2160 3116 Ciceros
2196 3063 2337 3115 nicht
2371 3077 2447 3115 er·

1428 3138 1624 3184 werten
1660 3132 1798 3185 istst.

1486 3220 1566 3269 15.
1587 3232 1705 3267 cum
1716 3219 2056 3281 praesertim,
2068 3215 2174 3281 vgl.
2184 3215 2258 3266 111.
2273 3216 2354 3279 21,
2367 3218 2449 3267 51.

1501 3304 1580 3354 16.
1618 3300 1800 3351 dolore
1848 3300 2074 3381 definiat
2111 3291 2278 3350 ‘nach
2332 3299 2448 3352 dem

1431 3369 1671 3422 Schmerz
1713 3359 2017 3426 bestimmt';
2059 3367 2157 3418 wie
2193 3367 2331 3418 Lael.
2370 3370 2448 3430 16,

1433 3440 1524 3491 58.
1551 3437 1743 3500 definit
1757 3437 2055 3487 amicitiam
2069 3438 2301 3500 paribus
2329 3436 2452 3498 offi-

1430 3508 1528 3556 ciis
1564 3521 1629 3556 ac
1662 3504 2041 3555 voluntatibus.

1502 3594 1582 3645 17.
1619 3591 1835 3640 honesta
1873 3590 2087 3653 turpia,
2123 3587 2229 3652 vgl.
2274 3587 2310 3639 1.
2366 3589 2449 3650 26,

1432 3660 1523 3712 64.
1570 3673 1763 3723 supera
1797 3651 1997 3718 infera,
2034 3654 2137 3706 und
2173 3661 2330 3708 unten
2368 3658 2451 3721 39,

1434 3729 1556 3780 114·
1594 3729 1730 3777 bona
1755 3724 1920 3788 mala,
1944 3739 2116 3788 aequa
2138 3726 2329 3789 iniqua
2352 3731 2452 3776 cet.

1503 3812 1581 3863 18.
1617 3811 1799 3860 inanis
1831 3824 1990 3860 sonos
2030 3807 2272 3890 fundere,
2309 3823 2349 3861 s.
2388 3824 2453 3860 zu

1430 3878 1506 3931 111.
1558 3880 1636 3943 18,
1671 3879 1766 3938 42·
1817 3881 2103 3943 occupatos
2147 3849 2453 3943 ‘befangenffi
