2834 4317
415 156 495 211 24
1236 156 1426 210 naen
1460 156 1499 210 1.
1540 160 1587 222 1,
1628 161 1671 210 1.
1710 159 1757 209 2.

415 328 844 401 contineretur,
876 328 995 388 hoc¹
1035 328 1177 389 mihi
1208 329 1435 390 Latinis
1476 328 1689 389 litteris
1719 327 2159 389 inlustrandum
2190 327 2409 405 putavi,
2452 347 2576 391 non

415 413 553 491 quia
599 412 972 492 philosophia
1019 413 1258 476 Graecis
1303 423 1362 475 et
1405 413 1618 474 litteris
1662 421 1721 473 et
1762 411 2110 474 doctoribus
2167 412 2396 493 percipi
2450 432 2577 475 non

416 506 635 577 posset,
680 498 783 559 sed
812 517 1012 559 meum
1043 518 1280 579 semper
1322 498 1606 560 iudicium
1637 498 1748 559 fuit
1781 498 1978 559 omnia
2011 506 2250 559 nostros
2281 505 2384 559 aut
2412 498 2578 560 inve-

418 583 578 643 nisse
607 601 716 663 per
746 602 810 644 se
839 584 1167 663 sapientius
1199 603 1379 663 quam
1410 584 1668 646 Graecos
1708 593 1812 645 aut
1841 592 2084 662 accepta
2114 582 2186 642 ab
2220 582 2336 645 illis
2363 584 2578 645 secisse

416 667 681 742 meliora,
729 688 877 747 quae
924 669 1162 747 quidem
1210 671 1388 749 digna
1434 669 1780 732 statuissent
1822 669 1884 729 in
1932 667 2151 747 quibus
2182 668 2576 730 elaborarent.

356 761 384 811 2
415 753 560 814 Nam
594 771 792 814 mores
822 763 891 836 et
909 754 1175 816 instituta
1206 755 1355 816 vitae
1409 753 2007 833 resquedomesticas
2038 772 2106 814 ac
2138 753 2440 815 familiaris
2469 773 2583 816 nos

418 839 689 918 profecto
738 849 797 898 et
839 840 1050 901 melius
1095 850 1334 901 tuemur
1365 852 1424 902 et
1455 840 1688 917 lautius,
1730 858 1858 900 rem
1895 857 2032 899 vero
2063 839 2361 918 publicam
2393 840 2583 900 nostri

418 923 671 984 maiores
711 933 873 985 certe
918 925 1261 988 melioribus
1302 933 1786 1006 temperaverunt
1830 932 1889 985 et
1918 924 2203 986 institutis
2242 933 2301 985 et
2329 923 2581 1003 legibus,

419 1007 576 1079 Quid
607 1008 817 1088 loquar
863 1010 935 1070 de
978 1028 1045 1071 ro
1083 1009 1365 1072 militari?
1411 1012 1475 1072 in
1521 1029 1636 1090 qua
1677 1029 1813 1071 cum
1854 1010 2067 1070 virtute
2109 1010 2298 1070 nostri
2329 1010 2584 1071 multum

418 1095 751 1169 valuerunt,
782 1103 909 1156 tum
939 1096 1075 1175 plus
1106 1097 1281 1157 etiam
1311 1096 1640 1177 disciplina.
1702 1096 1821 1155 lam
1853 1095 1967 1168 illa,
2010 1113 2160 1172 quae
2195 1104 2423 1169 natura,
2456 1113 2582 1155 non

419 1178 629 1264 litteris
659 1180 921 1241 adsecuti
965 1191 1125 1256 sunt,
1173 1201 1369 1261 neque
1410 1200 1545 1243 cum
1579 1182 1822 1243 Graecia
1854 1198 2051 1258 neque
2083 1180 2196 1240 ulla
2237 1199 2373 1240 cum
2404 1190 2586 1257 gente

371 1339 375 1343 ,
420 1275 563 1325 suut
586 1266 966 1327 conferenda.
1015 1267 1179 1337 Quae
1204 1268 1362 1329 enim
1386 1277 1550 1330 tanta
1572 1267 1845 1346 gravitaS,
1869 1284 2019 1344 quae
2042 1274 2206 1326 tanta
2230 1264 2581 1338 constantia,

421 1350 766 1430 magnitudo
811 1351 1012 1426 animi,
1056 1353 1341 1432 probitas,
1377 1355 1551 1428 fides,
1611 1370 1762 1433 quae
1806 1361 1922 1411 tam
1970 1350 2265 1411 excellens
2305 1349 2367 1410 in
2415 1350 2583 1410 omni

496 1506 543 1552 1.
580 1505 949 1553 contineretur
984 1503 1127 1567 susat,
1163 1505 1272 1557 sich
1298 1510 1453 1571 grim·

424 1566 512 1620 det
547 1568 649 1619 auf.

492 1636 710 1687 Latinis
770 1637 872 1690 litt.
916 1597 1061 1689 «inl...
1115 1638 1275 1690 durch
1333 1637 1456 1690 Dar-

426 1704 653 1769 stellung
698 1704 752 1756 in
787 1704 963 1756 latein.
1002 1704 1226 1772 Sprache
1271 1708 1322 1758 in
1360 1705 1455 1758 das

425 1773 603 1824 rechte
638 1771 785 1823 Licht
820 1777 1013 1825 setzen.

493 1855 602 1891 non
629 1842 757 1906 quia
794 1840 1038 1903 (seltener
1063 1840 1138 1891 als
1174 1856 1284 1892 non
1310 1809 1470 1906 quod·

429 1907 512 1962 od.
536 1923 649 1958 non
674 1909 1013 1974 qum—sed,
1048 1896 1322 1974 Ubergang
1360 1924 1454 1961 aus

428 1976 517 2027 der
542 1974 694 2028 Form
730 1975 872 2027 eines
895 1974 1245 2028 Nebensatzes
1282 1977 1335 2028 in
1371 1977 1454 2029 die

430 2045 572 2097 eines
607 2042 962 2110 HauptsatzeS‚
1002 2045 1103 2097 wie
1136 2044 1196 2098 11.
1236 2047 1320 2108 26,
1357 2047 1449 2106 64;

427 2111 504 2165 111.
543 2113 627 2177 22,
665 2114 731 2164 54
768 2116 895 2164 extr.
933 2128 985 2164 u.
1021 2114 1169 2165 oster.

499 2181 547 2231 2.
620 2180 932 2232 doctoribus
980 2181 1116 2233 ohne
1162 2198 1197 2233 a
1242 2181 1313 2231 im
1348 2179 1455 2231 An-

431 2247 627 2300 schluss
666 2263 729 2300 an
768 2248 965 2300 litteris
1000 2248 1103 2302 und
1141 2265 1200 2300 so
1237 2249 1339 2300 viel
1377 2249 1456 2301 als

432 2317 713 2368 doctorum
735 2319 1092 2377 institutione.
1146 2315 1264 2383 Vgl.
1290 2317 1354 2369 de
1379 2332 1454 2369 or.

429 2384 487 2437 11.
528 2387 574 2449 1,
601 2387 657 2437 2:
695 2384 948 2453 refutares
976 2385 1277 2437 domesticis
1314 2388 1456 2436 testi·

433 2456 554 2514 {nt-⁹3
610 2470 659 2520 p.
695 2452 804 2508 Mil.
846 2456 936 2519 18,
971 2458 1064 2507 47:
1120 2457 1302 2505 iacent
1345 2457 1459 2504 suis

435 2523 671 2574 testibus.

504 2593 552 2641 4.
620 2592 917 2656 sapientius
987 2605 1149 2655 quam
1216 2589 1462 2641 Graecos.

434 2656 552 2722 Vgl.
589 2656 654 2708 de
691 2662 817 2708 orat.
842 2657 876 2709 1.
903 2660 1065 2724 4,15:
1104 2659 1330 2722 Ingenia
1366 2673 1461 2707 no-

435 2728 672 2777 strorum
709 2726 985 2776 hominum
1010 2726 1237 2776 mullum
1272 2727 1463 2776 ceteris

438 2793 742 2844 hominibus
770 2793 1008 2842 onmium
1035 2797 1283 2857 gentium
1303 2808 1464 2856 prae-

436 2862 711 2913 stiterunt.
749 2857 877 2910 Eine
902 2874 1022 2911 vom
1046 2863 1172 2913 rom.
1200 2859 1462 2911 National-

441 2927 617 2994 gesfihl
675 2927 1021 2993 eingegebene
1066 2914 1465 2992 Ubertreibung,

429 2996 640 3047 -welche
675 2994 940 3047 vielleicht
976 2995 1106 3047 auch
1143 2994 1242 3046 den
1274 2994 1464 3047 Zweck

441 3065 549 3130 hat,
585 3063 686 3116 den
721 3062 943 3115 Romern
978 3079 1042 3116 zu
1078 3063 1464 3115 wissenschaft-

417 3131 613 3184 'lichen
649 3130 865 3183 Studien
901 3130 1012 3182 Mut
1046 3147 1110 3183 zu
1144 3131 1378 3198 macheu.

510 3198 701 3261 fecisse
763 3200 989 3250 meliora
1050 3199 1227 3251 besser
1278 3214 1466 3265 ausge-

446 3269 640 3334 staltet‚
674 3266 1159 3320 vervollkommnet.

516 3341 562 3390 5.
609 3353 744 3402 quae
780 3336 1009 3402 quidem,
1051 3333 1465 3388 b'eschrankend:

452 3406 643 3458 soweit
677 3404 916 3458 nfimlich.

515 3472 882 3524 elaborarent.-
936 3472 1046 3524 sich
1093 3470 1336 3525 ernstlich
1384 3469 1469 3523 od.

451 3540 738 3606 eingehend
776 3540 1146 3608 beschfistigen.

517 3612 564 3661 6.
598 3624 771 3660 mores
807 3613 858 3659 et
890 3613 1143 3661 instituta
1177 3611 1348 3660 vitae.-
1386 3607 1469 3659 die

449 3676 857 3730 Gewohnheiten
891 3678 996 3729 und
1032 3677 1341 3742 Ordnungen
1377 3674 1470 3727 des

449 3745 830 3811 Privatleben8‚
896 3762 1071 3799 woran
1142 3745 1298 3798 durch
1370 3761 1472 3810 que

450 3821 614 3865 etwas
673 3814 831 3865 damit
893 3812 1472 3880 zusammengehoriges

1557 1504 1633 1555 als
1658 1503 1965 1568 Ergfinzung
2000 1501 2401 1566 angeschlossen
2435 1500 2586 1553 wird.

1556 1570 1675 1636 vgl.
1715 1573 1762 1633 2,
1800 1572 1859 1622 4:
1902 1569 2394 1634 Themistoclesque.

1629 1642 1675 1690 7.
1720 1637 1909 1688 melius
1947 1643 1998 1688 et
2033 1637 2233 1689 lautius
2273 1636 2363 1689 auf
2414 1636 2586 1688 edlere

1558 1705 1887 1770 (wurdigere)
1899 1705 2003 1757 und
2026 1705 2384 1770 austindigere
2394 1703 2587 1757 Weise.
2599 1761 2602 1762 ⁷

1627 1776 1677 1826 9.
1716 1773 1859 1837 Quid
1882 1774 2077 1840 loquar
2112 1775 2176 1825 de
2200 1776 2300 1824 —-?
2334 1772 2438 1838 (die
2464 1772 2588 1824 For-

1560 1841 1664 1893 mel
1690 1840 1777 1892 der
1796 1840 2116 1906 Praeteritio)
2136 1841 2453 1903 bezeichnet,
2472 1839 2589 1891 dass

1558 1925 1616 1961 es
1650 1909 1870 1976 unnotig
1907 1910 2001 1974 sei,
2035 1910 2163 1961 fiber
2200 1910 2283 1961 die
2321 1908 2484 1960 Sache
2521 1924 2588 1959 zu

1558 1976 1825 2044 sprechen,
1877 1976 1997 2028 weil
2033 1977 2108 2028 sie
2145 1975 2446 2028 allbekann't
2482 1975 2589 2027 und

1557 2045 1902 2096 unbestritten
1938 2044 2031 2095 sei.
2085 2042 2590 2096 Nichtsdestoweni-

1559 2127 1650 2178 ger
1698 2111 1828 2177 solgt
1875 2118 2006 2163 stets
2060 2112 2174 2162 eine
2223 2112 2412 2164 uehere
2456 2113 2595 2163 Aus—

1558 2180 1780 2245 suhrung
1828 2179 1926 2245 des
1966 2177 2270 2231 Gedankens
2316 2179 2372 2229 in
2418 2181 2595 2231 einem

1558 2248 1924 2300 Relativsatze.

1630 2320 1708 2367 10.
1720 2316 2034 2366 valuerunt:
2056 2314 2364 2378 ausrichten,
2382 2313 2597 2367 leisten.

1628 2385 1759 2446 lam,
1796 2383 1897 2435 wie
1932 2381 1988 2434 11.
2028 2387 2110 2446 10,
2141 2377 2234 2435 24:
2273 2383 2391 2433 Iam
2427 2385 2594 2434 tertio

1562 2458 1690 2515 cet.,·
1713 2453 1811 2503 illa
1837 2466 1956 2519 cum
1984 2449 2210 2503 Graecia
2227 2479 2298 2487 —
2314 2455 2442 2500 sunt
2463 2465 2596 2500 con-

1561 2519 1816 2582 ferenda:
1853 2518 2168 2585 abgekfirzte
2192 2517 2596 2583 Vergleichung,

1563 2588 1666 2639 wie
1701 2589 1777 2639 sie
1820 2587 2191 2639 bei·Griechen
2227 2586 2329 2638 und
2366 2586 2593 2638 Romern

1564 2654 1743 2721 hiiufig
1777 2656 1865 2720 ist,
1901 2671 1945 2705 z.
1966 2654 2022 2706 B.
2050 2654 2219 2721 gleich
2245 2655 2313 2705 im
2340 2655 2592 2705 nficbsten

1568 2723 1720 2775 Satze
1746 2722 1961 2788 wieder3
1986 2724 2120 2775 auch
2145 2722 2209 2774 de
2237 2729 2366 2775 orat.
2388 2722 2422 2773 l.
2443 2724 2592 2786 4,15.

1564 2791 1736 2843 Etwa=
1760 2790 1957 2842 Weiter
1980 2790 2217 2843 vollends
2242 2791 2322 2842 fur
2347 2790 2454 2856 da8‚
2478 2805 2594 2841 was

1566 2860 1641 2911 sie
1697 2858 1855 2910 durch
1906 2858 2254 2923 Naturanlage
2311 2886 2408 2921 —‚
2464 2857 2593 2910 liitst

1567 2927 1677 2979 sich
1722 2927 1898 2978 weder
1948 2942 2053 2978 von
2101 2925 2473 2979 Griechenland
2523 2954 2592 2963 —

1568 2996 1650 3047 ein
1689 2994 1963 3060 V‘ergleich
1998 2995 2298 3047 hex-leuen.-

1638 3066 1719 3117 11.
1732 3064 1930 3114 litteris
1947 3063 2235 3129 entspricht
2253 3059 2596 3113 demVorher-

1569 3131 1838 3197 gehenden
1857 3132 1999 3184 nicht
2015 3146 2200 3196 genau,
2219 3131 2283 3183 da
2303 3130 2596 3194 disciplina

1568 3200 1679 3252 hier
1703 3214 1798 3251 nur
1834 3198 1917 3252 die
1948 3199 2297 3260 militarische,
2332 3198 2474 3249 nicht
2508 3197 2596 3248 die

1570 3268 2070 3320 wissenschaftliche
2116 3266 2442 3331 Ausbildung
2495 3265 2591 3316 be-

1570 3335 1760 3389 deuten
1809 3335 1963 3389 kann.
2041 3335 2110 3388 Es
2156 3334 2422 3388 schwebte
2475 3332 2594 3385 dem

1573 3403 1945 3456 Schriftsteller
1998 3403 2159 3456 sehon
2215 3403 2304 3455 der
2350 3401 2596 3467 folgende

1574 3472 1884 3538 Gegensatz:
1930 3473 2196 3524 Doctrina
2236 3470 2464 3554 Graecia
2496 3485 2598 3521 nos

1576 3547 1673 3593 cet.
1712 3555 1821 3592 vor.

1645 3611 1724 3663 12.
1763 3608 1911 3672 Quae
1936 3612 2088 3658 tanta
2112 3635 2183 3647 —
2205 3605 2333 3674 fait.
2371 3605 2476 3668 Wo
2507 3605 2600 3658 hat

1575 3692 1632 3728 es
1675 3682 1822 3728 sonst
1866 3676 1980 3727 eine
2025 3691 2085 3726 so
2132 3679 2304 3741 grosse
2338 3704 2408 3713 —
2444 3688 2598 3740 gege-

1576 3745 1713 3798 ben?
1784 3746 2086 3796 constantia
2136 3742 2601 3808 Charakterfestig-

1575 3813 1703 3878 keit,
1735 3813 1868 3876 fides
1903 3811 2355 3879 Zuverlfissigkeit.

2644 1107 2716 1156 10
