2834 4317
241 1635 279 1708 ”X

453 124 573 183 162
1110 122 1298 174 LlBER
1334 123 1395 175 V.
1434 128 1516 187 39,
1542 126 1654 178 115.
1692 125 1913 188 4o,116.

449 318 567 378 que
597 297 694 358 hic
720 297 809 358 vir
837 294 1106 375 impediri
1151 297 1324 358 etiam
1361 296 1542 358 animi
1580 296 1763 358 aciem
1808 303 2049 376 aspectu
2093 294 2401 356 oculorum
2433 292 2593 356 arbi-

449 384 717 447 trabatur
746 391 821 458 et,
852 400 987 444 cum
1019 381 1115 443 alii
1145 401 1338 463 saepe,
1382 382 1539 461 quod
1572 390 1708 444 ante
1738 382 1919 463 pedes
1950 389 2122 455 esset,
2154 399 2278 442 non
2306 378 2597 451 viderent,

451 470 548 532 ille
577 471 639 531 in
683 469 1034 530 infinitatem
1063 486 1300 529 omnem
1345 467 1867 549 peregrinabatur,
1912 475 1978 528 ut
2018 466 2178 528 nulla
2209 466 2268 527 in
2317 466 2597 528 extremi-

451 564 570 617 tate
615 555 982 616 consisteret.
1054 554 1355 615 Traditum
1402 563 1492 616 est
1534 554 1708 615 etiam
1739 554 2062 614 Homerum
2109 570 2351 613 caecum
2368 533 2597 614 *fu-isse.

453 633 541 702 AT
557 641 684 702 eius
721 640 1045 720 picturam,
1088 658 1211 701 non
1249 640 1456 720 poesin
1502 639 1783 701 videmus.
1854 639 2018 710 Quae
2046 637 2245 718 regio,
2289 656 2441 716 quae
2474 656 2598 708 ora,

455 728 555 807 qui
584 728 753 788 locus
783 726 1089 800 Graeciae,
1134 744 1284 805 quae
1320 725 1550 806 species
1577 727 1883 804 formaque
1927 742 2196 805 pugnae,
2241 742 2391 804 quae
2420 724 2598 799 acieS,

456 812 614 893 quod
642 811 972 891 remigium,
1003 811 1106 890 qui
1134 820 1332 874 motus
1361 812 1687 887 hominum,
1712 811 1812 891 qui
1843 812 2099 872 ferarum
2129 829 2252 871 non
2284 809 2365 872 ita
2394 811 2599 890 expic-

454 907 551 959 tus
593 905 715 973 est,
745 904 831 969 ut,
863 915 1012 975 quae
1055 896 1181 976 ipse
1224 916 1346 959 non
1389 897 1619 972 viderit,
1663 916 1774 958 nos
1815 906 1883 957 ut
1919 895 2251 958 videremus
2292 892 2599 958 effecerit?

340 994 424 1047 115
457 983 608 1054 Quid
641 980 828 1061 ergo?
889 990 990 1042 aut
1016 982 1276 1044 Homero
1306 982 1756 1045 delectationem
1785 981 1967 1043 animi
2009 1001 2077 1043 ac
2106 982 2468 1061 voluptatem
2497 989 2601 1042 aut

340 1910 417 1965 40

345 1991 431 2042 116

457 1069 733 1148 cuiquam
754 1068 928 1128 docto
953 1068 1207 1129 defuisse
1228 1087 1511 1148 umquam
1537 1065 1930 1129 arbitramur?
1955 1077 2073 1143 aut,
2098 1068 2162 1129 ni
2184 1067 2265 1129 ita
2287 1087 2350 1130 se
2374 1086 2472 1129 res
2494 1069 2600 1129 ha-

455 1155 641 1229 beret,
664 1153 1040 1234 Anaxagoras
1061 1161 1165 1216 aut
1185 1154 1280 1215 hic
1303 1154 1430 1235 ipse
1453 1155 1822 1299 Democritus:
1843 1162 2095 1252 agrogot
2114 1153 2268 1235 patri
2334 1173 2369 1215 o
2417 1154 2470 1214 ia
2524 1172 2603 1215 ua

455 1239 851 1319 reliquissent,
882 1239 1020 1301 huic
1050 1239 1314 1301 discendi
1345 1241 1789 1319 quaerendique
1874 1258 2039 1301 vinae
2108 1172 2602 1320 affin

457 1347 523 1389 se
552 1325 750 1388 animo
779 1323 1121 1388 dedissent?
1179 1325 1382 1404 ltaque
1413 1345 1697 1406 augurem
1727 1325 2032 1400 Tiresiam,
2064 1344 2239 1404 quem
2270 1327 2604 1406 sapientem

457 1414 696 1492 fingunt
715 1419 943 1492 poetae,
967 1429 1290 1491 numquam
1315 1412 1608 1473 inducunt
1629 1411 2032 1490 deplorantem
2057 1412 2398 1474 caecitatem
2412 1430 2602 1474 suam.

456 1499 534 1559 At
572 1517 711 1559 vero
741 1497 1167 1576 Polyphemum
1198 1497 1491 1560 Homerus
1520 1516 1653 1559 cum
1685 1496 1998 1558 immanem
2040 1498 2354 1578 ferumque
2395 1498 2605 1559 finxis-

457 1592 564 1659 set,
586 1602 720 1645 cum
744 1581 925 1643 ariete
948 1582 1121 1644 etiam
1143 1582 1607 1663 conloquentem
1630 1582 1768 1644 facit
1788 1582 2030 1663 eiusque
2052 1582 2291 1644 laudare
2310 1585 2604 1654 fortunaS,

461 1671 637 1749 quod,
662 1687 776 1748 qua
813 1667 1003 1743 vellet,
1036 1669 1262 1748 ingredi
1293 1676 1494 1749 posset
1521 1679 1597 1742 et,
1632 1687 1783 1747 quae
1814 1667 2008 1744 vellet,
2034 1668 2342 1748 attingere.
2416 1669 2603 1730 Recte

459 1755 556 1816 hic
589 1753 857 1834 quidem3
904 1753 1089 1815 nihilo
1122 1755 1281 1815 enim
1313 1763 1438 1815 erat
1466 1755 1593 1835 ipse
1624 1753 1873 1835 Cyclops
1916 1771 2091 1833 quam
2137 1754 2288 1816 aries
2317 1755 2414 1816 ille
2456 1773 2602 1835 pru-

459 1839 713 1901 dentior.

626 1923 695 1984 In
728 1922 1010 1985 surditate
1031 1943 1170 1986 vero
1203 1925 1482 2004 quidnam
1507 1932 1596 1986 est
1623 1922 1803 1985 mali?
1850 1923 1990 1985 Erat
2011 1926 2310 1986 surdaster
2327 1924 2405 1984 M.
2431 1924 2604 2020 Cras:

537 2044 579 2093 1.
626 2046 845 2108 aspectu
894 2033 1202 2107 ‘Sehkraft'‚
1244 2043 1346 2095 wie
1397 2045 1481 2108 38,

530 2181 580 2232 3.
629 2178 724 2230 ille
766 2207 835 2218 —-
876 2181 1354 2245 peregrinabatur,
1408 2196 1482 2234 sc.

462 2252 668 2309 animm
703 2250 765 2298 in
798 2247 1123 2310 intinitatem
1150 2242 1224 2300 ‘in
1261 2249 1352 2300 das
1377 2247 1482 2300 Un-

463 2308 729 2368 endliche'.
753 2315 904 2368 Seine
918 2317 1139 2369 iiberaus
1157 2316 1479 2369 zahlreiehen

465 2384 718 2437 Schriften
735 2385 1010 2438 umfassten
1037 2386 1136 2437 alle
1156 2384 1367 2438 Gebiete
1388 2385 1480 2437 des

464 2452 696 2505 Wissens
732 2454 900 2506 seiner
932 2453 1060 2505 Zeit.

532 2526 579 2574 4.
605 2523 891 2573 Homerum
917 2538 1128 2573 caecum
1151 2519 1334 2583 fuisse.
1376 2520 1479 2575 Cic.

466 2591 589 2656 geht
610 2590 911 2642 absichtlich
950 2591 1039 2642 aus
1059 2590 1140 2642 die
1165 2589 1325 2657 Frage
1350 2591 1482 2642 nach

464 2658 553 2739 der
590 2658 853 2711 Wahrheit
895 2658 986 2711 der
1029 2658 1291 2712 Tradition
1339 2659 1483 2712 nicht

465 2742 563 2778 em.

534 2798 581 2847 5.
627 2797 744 2846 eius
780 2798 1085 2862 picturam,
1128 2812 1239 2847 non
1276 2799 1482 2863 poesin,

467 2862 659 2914 erklart
704 2863 813 2915 sich
860 2863 1020 2916 durch
1064 2863 1156 2916 das
1199 2863 1482 2930 Folgende:

467 2931 610 2983 seine
665 2929 922 2998 Dichtung
979 2933 1048 2983 ist
1099 2931 1342 2998 lediglich
1402 2934 1484 2985 ein

467 2998 725 3052 Gemalde.
798 2999 865 3051 So
911 2999 1039 3051 wird
1073 2998 1134 3052 H.
1183 3000 1265 3052 bei
1299 3001 1485 3053 Athen.

466 3067 549 3123 lv.
601 3068 700 3121 182
743 3068 910 3120 einem
955 3063 1169 3149 ἀγαθὸς
1204 3066 1488 3140 ζωγράφος

468 3135 762 3202 verglichen
796 3136 897 3188 und
924 3136 1007 3189 bel
1029 3138 1234 3191 Lucian.
1258 3138 1413 3206 lmag.
1431 3138 1486 3190 11.

467 3222 517 3274 p.
554 3208 602 3259 6.
641 3197 665 3256 ἱ
706 3201 924 3273 {ocutos
955 3205 1075 3259 τῶν
1144 3210 1368 3276 ραφέων
1401 3221 1490 3273 ge-

465 3277 642 3326 nannt.
702 3273 953 3341 Ubrigens
975 3291 1088 3328 wur
1123 3290 1152 3327 e
1178 3278 1360 3342 poesis
1381 3290 1486 3327 von

467 3342 568 3395 Cic.
606 3358 702 3395 nur
746 3343 800 3394 in
843 3342 1148 3396 konkretem
1198 3343 1355 3396 Sinne
1398 3358 1487 3409 ge-

1584 2042 1708 2108 ging
1727 2040 1858 2093 nach
1877 2041 2061 2106 Athen,
2081 2058 2166 2094 wo
2185 2058 2239 2094 er
2252 2042 2333 2094 bis
2352 2057 2418 2094 zu
2434 2042 2607 2094 seiner

1583 2109 2181 2244 veffessggssigukbstfau
2215 2177 2252 2232 1.
2281 2183 2360 2244 11,
2397 2181 2463 2232 22
2499 2178 2604 2231 und

1580 2245 1677 2367 Ivi
1686 2249 2122 2377 31⁸9ge4‘ssdiuen&
2150 2315 2255 2382 vgl.
2276 2331 2337 2367 zu
2357 2315 2394 2367 1.
2413 2318 2498 2381 30,
2523 2317 2605 2367 72.

1657 2404 1738 2453 15.
1757 2400 2151 2469 Polyphemum.
2163 2400 2287 2453 Was
2307 2401 2482 2453 Cicero
2505 2402 2606 2454 d'en

1586 2467 1849 2536 Cyelopen
1880 2484 2037 2535 sagen
2061 2470 2197 2535 lfisst,
2231 2470 2369 2521 steht
2394 2470 2605 2537 eigentl.

1582 2536 1668 2588 bei
1702 2536 1887 2589 Homer
1932 2537 2046 2603 (Od.
2080 2538 2163 2590 IX.
2199 2540 2297 2590 447
2325 2537 2399 2605 ff.)
2443 2539 2605 2593 nicht.

1585 2604 1760 2657 Cicero
1793 2605 1919 2657 malt
1956 2606 2064 2657 sich
2101 2606 2187 2658 die
2213 2606 2376 2658 Scene
2412 2621 2510 2660 nur
2544 2623 2604 2659 so

1588 2688 1697 2725 auS.
1756 2672 1980 2741 Moglich
2017 2675 2165 2740 auch,
2202 2674 2314 2727 dass
2351 2690 2405 2727 er
2440 2691 2497 2727 es
2523 2676 2606 2727 bei

1584 2742 1751 2794 einem
1777 2742 1963 2795 andern
1984 2742 2191 2795 Dichter
2217 2744 2425 2810 gelesen
2445 2744 2607 2798 batte.

1659 2830 1741 2882 16.
1784 2828 2181 2894 conloquentem
2215 2826 2356 2889 facit
2389 2833 2505 2880 eius
2540 2846 2609 2881 ue

1586 2897 1813 2948 laudare
1845 2895 2113 2958 fortunas.
2176 2896 2456 2964 Aufl'allige
2532 2914 2608 2951 er-

1587 2965 1819 3032 bindung
1852 2965 1942 3017 der
1967 2964 2152 3017 beiden
2186 2965 2269 3017 bei
2292 2964 2473 3026 facere
2497 2966 2610 3020 hier

1584 3033 1881 3100 moglichen
1897 3031 2507 3099 Konstruktionen(s.1V.
2527 3038 2610 3100 16,

1589 3104 1692 3168 35).
1717 3131 1784 3140 —
1808 3102 1878 3153 Zu
1908 3101 2022 3154 dem
2048 3100 2183 3156 Plur.
2217 3101 2488 3170 fortunas,
2525 3105 2611 3156 fiir

1589 3170 1689 3222 den
1726 3168 1942 3237 singul„
1976 3170 2081 3237 vgl.
2123 3188 2173 3238 p.
2211 3169 2352 3224 Sulla
2390 3174 2474 3239 23,
2512 3176 2606 3226 66:

1589 3239 1664 3292 Et
1683 3239 1943 3290 secundas
1969 3237 2226 3300 fortunas
2249 3243 2498 3292 amittere
2521 3258 2609 3293 co—

1589 3312 1740 3358 actus
1785 3313 1864 3359 eet
1897 3313 1948 3358 et
1980 3310 2041 3357 in
2075 3308 2312 3360 adversis
2342 3312 2459 3361 sine
2492 3311 2608 3364 ullo

466 3409 698 3476 braucht,
734 3412 839 3478 vgl.
864 3410 947 3464 IV.
974 3415 1056 3477 33,
1082 3416 1174 3474 713
1211 3411 1276 3464 de
1312 3427 1385 3466 or.
1408 3412 1487 3463 111.

468 3480 769 3609 walbekae
802 3551 965 3612 orgo?
998 3563 1040 3600 s.
1061 3563 1124 3600 zu
1145 3551 1192 3613 5,
1215 3549 1303 3600 13:
1342 3547 1488 3611 Quid

466 3617 677 3680 igitur?

542 3685 621 3736 11.
656 3684 1021 3748 Anaxagoras
1055 3698 1146 3736 aus
1183 3685 1485 3737 Clazomenfi

444 3750 527 3814 -(1.
564 3752 648 3816 43,
694 3753 811 3817 104)
864 3751 1106 3804 uberliess
1160 3754 1269 3804 sein
1322 3754 1489 3805 vater-

468 3817 630 3870 liches
674 3818 804 3871 Erbe
852 3818 952 3871 den
998 3818 1339 3874 Verwandten
1383 3822 1487 3874 und

1589 3376 1821 3427 remedio
1849 3392 2186 3443 permanere.

1659 3464 1743 3514 20.-
1822 3463 2124 3513 surdaster:
2196 3454 2384 3515 ‘etwas
2464 3465 2609 3531 taub,

1586 3526 1975 3597 schwerhorig'‚
2009 3523 2105 3583 ἅπ.
2142 3527 2250 3601 hy.

1654 3617 1727 3669 M.
1760 3617 2009 3668 Licinius
2042 3617 2276 3681 Crassus,
2308 3615 2398 3668 der
2432 3617 2608 3672 reiehe

1587 3683 1857 3748 Triumvir,
1892 3685 2000 3751 galt
2033 3685 2176 3737 nicht
2210 3702 2304 3738 nur
2339 3684 2420 3737 fiir
2454 3687 2606 3740 einen

1587 3752 1962 3805 beschriinkten
1998 3752 2160 3821 Kopf,
2206 3752 2423 3806 sondern
2474 3757 2606 3808 auch

1590 3821 1671 3873 sur
1705 3821 1890 3889 geizig.

2641 1068 2686 1118 10

2646 1512 2696 1562 15
