2834 4317
156 1129 216 1179 10

156 1555 214 1604 15

882 176 1072 229 menn
1104 177 1163 232 11.
1204 180 1287 244 18,
1323 179 1408 231 42.
1445 181 1528 231 43.
1570 180 1649 244 19,
1686 180 1771 233 44.
2289 176 2410 234 135

262 348 503 413 ordiar?
537 369 611 411 an
637 350 842 412 eadem
865 348 1124 411 breviter
1148 349 1453 427 attingam,
1487 368 1637 429 quae
1667 350 1844 411 modo
1868 349 2006 424 dixi,
2039 370 2156 430 quo
2188 350 2418 413 facilius

260 438 449 498 oratio
479 435 758 516 progredi
800 435 987 514 possit
1029 431 1311 515 longius?
1370 435 1536 496 Inter
1566 435 1761 497 omnis
1802 436 1984 514 igitur
2013 436 2128 496 hoc
2158 445 2413 511 constat,
2459 446 2518 494 43

263 540 373 583 nec
430 522 638 583 doctos
676 520 949 581 homines
988 519 1213 595 solum,
1261 520 1363 581 sed
1407 520 1582 581 etiam
1627 521 1934 596 indoctos,
1980 521 2241 583 virorum
2289 540 2417 583 esse

259 607 503 669 fortium
552 616 612 667 et
641 606 1152 683 magnanimorum
1184 614 1244 666 et
1271 605 1624 685 patientium
1668 614 1728 667 et
1763 606 2020 668 humana
2048 607 2415 668 vincentium

258 692 582 754 toleranter
623 690 889 753 dolorem
933 691 1074 769 pati,
1121 708 1235 751 nec
1275 708 1416 752 vero
1460 690 1592 770 quis
1678 710 1770 770 am
1805 692 1887 753 fui
1960 731 1967 744 ·
2020 692 2082 752 ui
2112 710 2269 768 eum,
2315 692 2417 772 qui

260 779 338 839 ita
368 785 691 857 pateretur,
739 795 862 837 non
895 776 1250 837 laudandum
1284 783 1542 855 putaret.
1593 710 1962 858 &florffssergo
1980 711 2054 839 {t
2084 779 2418 857 postulatur

258 881 291 923 a
319 861 576 925 fortibus
627 871 687 923 et
716 862 1007 934 laudatur,
1054 880 1188 922 cum
1234 862 1320 937 fit,
1364 861 1424 922 id
1464 871 1566 923 aut
1608 862 1992 925 extimescere
2028 863 2274 926 veniens
2315 875 2419 927 aut

261 967 384 1009 non
414 948 573 1009 ferre
596 965 877 1027 praesens
908 965 1113 1007 nonne
1143 954 1319 1027 turpe
1344 945 1481 1009 est?
1511 947 1734 1027 Atquin
1756 948 1887 1009 vide
1914 968 2012 1023 ne,
2045 966 2182 1010 cum
2207 969 2414 1013 omnes

260 1041 456 1095 rectae
501 1032 682 1093 animi
726 1031 1093 1093 adfectiones
1138 1032 1384 1094 virtutes
1426 1033 1827 1112 appellentur,
1867 1053 1991 1095 non
2023 1034 2099 1096 sit
2126 1034 2241 1096 hoc
2272 1055 2414 1115 pro-

255 1118 453 1198 prium
498 1136 720 1180 nomen
767 1116 1054 1191 omnium,
1099 1116 1203 1179 sed
1242 1116 1316 1178 ab
1349 1135 1436 1193 ea,
1482 1137 1633 1198 quae
1671 1137 1791 1179 una
1829 1119 2043 1181 ceteris
2071 1120 2414 1197 excellebat,

260 1222 468 1266 omnes
511 1203 848 1264 nominatae
890 1202 1026 1264 sint.
1099 1202 1402 1282 Appellata
1451 1212 1540 1265 est
1583 1203 1742 1265 enim
1788 1222 1862 1265 ex
1891 1204 2014 1266 viro
2045 1205 2261 1281 virtus3
2304 1207 2414 1269 viri

257 1297 455 1350 autem
507 1287 750 1368 propria
800 1287 1054 1348 maxime
1107 1295 1198 1349 est
1239 1288 1557 1361 fortitudo,
1605 1289 1774 1351 cuius
1817 1308 2067 1352 munera
2109 1290 2229 1352 duo
2274 1302 2416 1353 sunt

258 1375 527 1449 maxima,
558 1374 767 1434 mortis
796 1372 1139 1452 dolorisque
1184 1374 1569 1453 contemptio.
1628 1373 1929 1435 Utendum
1972 1385 2063 1436 est
2090 1375 2273 1453 igitur
2299 1377 2413 1453 his,

256 1459 304 1520 si
337 1460 569 1521 virtutis
611 1467 919 1538 compotes
958 1458 1048 1519 vel
1090 1457 1290 1537 potius
1319 1458 1369 1521 si
1398 1458 1511 1519 viri
1548 1458 1827 1522 volumus
1854 1479 2001 1535 6556,
2050 1462 2333 1540 quoniam
2380 1482 2413 1524 a

253 1544 395 1607 viris
422 1545 609 1606 virtus
640 1522 984 1605 affinem
1011 1551 1296 1605 mutuata.
1357 1543 1622 1614 Quaeres
1652 1544 1921 1617 fortasse,
1954 1564 2072 1626 quo
2106 1547 2307 1622 modo,
2353 1556 2413 1609 et

257 1642 451 1705 recte;
482 1630 659 1691 talem
689 1630 848 1690 enim
878 1629 1233 1691 medicinam
1261 1628 1635 1709 philosophia
1666 1632 2002 1709 profitetur.

425 1715 603 1776 Venit
624 1714 939 1795 Epicurus,
968 1715 1148 1775 homo
1169 1714 1414 1775 minime
1446 1714 1633 1776 malus
1656 1716 1746 1778 vel
1766 1716 1966 1820 potius
1995 1717 2085 1777 vir
2115 1718 2407 1797 optimus;
2443 1720 2515 1775 19

253 1809 486 1862 tantum
530 1809 754 1875 monet,
799 1809 1087 1879 quantum
1133 1798 1442 1878 intellegit.
1498 1792 1784 1881 ‘Neglege
1848 1801 2043 1881 inquit
2077 1795 2417 1870 ‘dolorem.'
2458 1812 2517 1861 44

257 1886 402 1957 Quis
446 1887 562 1947 hoc
607 1883 790 1946 dicit?
836 1885 992 1946 idem
1039 1884 1140 1964 qui
1185 1884 1450 1946 dolorem
1489 1904 1787 1947 summum
1817 1887 2058 1948 malum.
2118 1888 2227 1950 Vix
2270 1890 2413 1952 satis

151 1981 214 2029 20
255 1980 616 2036 constanter.
675 1970 1017 2032 Audiamus.
1083 1963 1176 2031 ‘Si
1220 1988 1490 2032 summus
1520 1971 1691 2033 dolor
1734 1971 1863 2044 est',
1909 1973 2107 2053 inquit
2141 1967 2411 2036 ‘brevem

262 2075 505 2119 necesse
536 2065 627 2118 est
655 2046 819 2118 esse?
855 2090 940 2098 ——
970 2056 1129 2117 Itera
1158 2055 1295 2117 dum
1325 2056 1520 2119 eadem
1559 2060 1671 2119 ista
1699 2056 1882 2119 mihi!
1926 2077 2049 2119 non
2082 2060 2243 2121 enim
2273 2060 2413 2123 satis

330 2293 376 2343 1.
412 2291 569 2342 modo
606 2292 751 2342 dixi:
793 2292 876 2355 13,
900 2289 1032 2344 30ff.

326 2361 374 2412 6.
425 2358 581 2422 Quod
640 2374 772 2424 ergo
818 2364 916 2411 cet.
1015 2357 1113 2409 Der
1156 2360 1284 2411 Aus-

259 2426 420 2479 drnck
437 2428 508 2479 ist
522 2442 785 2493 ungenau;
812 2427 947 2479 denn
970 2432 1124 2478 unter
1142 2427 1288 2493 quod

259 2494 329 2547 ist
361 2495 601 2547 dolorem
637 2496 931 2547 toleranter
958 2497 1099 2561 pati,
1136 2499 1285 2547 nnter

257 2563 319 2613 id
360 2563 483 2615 aber
526 2561 617 2615 der
661 2564 818 2615 dolor
864 2563 1028 2616 selbst
1071 2578 1135 2615 zu
1170 2578 1284 2615 ver·

260 2631 458 2683 stehen.

327 2702 377 2752 8.
394 2699 600 2765 Atquin
623 2699 745 2749 vide
779 2714 847 2750 ne
869 2728 954 2764 -‚
1008 2699 1124 2752 eine
1160 2700 1276 2751 dem

257 2766 447 2832 griech.
494 2766 699 2820 Potent.
744 2768 1151 2835 entspreehende
1196 2783 1279 2820 ur-

255 2835 389 2887 bane
424 2834 699 2901 Wendung
732 2835 839 2889 rar:
883 2836 1054 2902 Atqui
1085 2852 1280 2888 nomen

254 2906 476 2954 virtutis
509 2920 620 2955 non
656 2908 735 2954 est
761 2907 1052 2970 proprium
1086 2921 1280 2956 nomen

255 2974 494 3023 omnium
537 2976 830 3037 virtutum,
874 2973 970 3023 sed
1011 2974 1078 3024 ab
1113 2989 1176 3023 ea
1212 3001 1279 3011 -

253 3042 567 3091 nominatae
613 3045 755 3091 sunt.
830 3040 943 3106 Vgl.
988 3040 1025 3091 1.
1069 3043 1158 3104 34,
1197 3043 1278 3094 83.

253 3105 534 3229 {iegForm
570 3112 762 3175 atquin
805 3108 945 3160 steht
979 3109 1111 3161 auch
1147 3107 1280 3160 Phil.

323 3213 406 3297 102
440 3259 569 3299 una.
631 3242 746 3296 Wie
781 3243 866 3296 bei
903 3243 1279 3311 superlativen,

254 3310 384 3363 wird
420 3313 551 3363 anch
588 3313 672 3364 bei
705 3310 888 3364 Verbis
923 3314 1018 3365 mit
1053 3312 1280 3378 superla-

251 3381 387 3432 tiver
420 3378 725 3447 Bedentung
760 3396 902 3432 unus
938 3397 1027 3432 zur
1048 3379 1280 3433 Vei-stir-

251 3448 395 3514 knng
419 3448 775 3515 hinzugeffigt.
813 3448 883 3501 So
903 3448 1041 3501 Orat.
1053 3451 1138 3513 29,
1156 3453 1280 3504 104:

251 3520 348 3583 qui
381 3532 523 3568 unus
557 3519 755 3568 eminet
774 3520 920 3568 inter
943 3521 1132 3570 omnis.
1158 3517 1278 3585 Vgl.

250 3601 296 3635 z.
331 3584 370 3638 1.
410 3587 492 3650 12,
529 3587 619 3639 27:
655 3601 824 3637 unum
857 3586 1012 3638 illud.

321 3657 511 3705 ceteris
545 3653 854 3708 excellebat.
926 3654 1026 3707 Das
1070 3654 1275 3721 Imperi.

251 3720 305 3772 in
352 3719 529 3788 Bezug
580 3722 671 3774 auf
720 3721 804 3774 die
854 3722 994 3786 Zeit,
1046 3737 1130 3774 wo
1187 3721 1277 3774 der

251 3787 413 3842 Name
439 3789 695 3843 entstand.
741 3791 850 3842 Den
875 3789 1026 3842 Dativ
1062 3789 1147 3843 bei
1184 3807 1278 3841 οω-
1381 3829 1395 3843 .
1433 3827 1448 3842 .

253 3857 442 3909 eellere
462 3858 550 3910 hat
568 3858 673 3914 Cic.
695 3859 836 3911 nicht
854 3857 1050 3927 binflffi
1073 3859 1140 3912 de
1151 3859 1275 3928 imp.

1387 2291 1478 2343 Gn.
1515 2290 1694 2357 Pomp.
1737 2295 1828 2356 14,
1865 2295 1956 2346 41:
2004 2297 2099 2359 qui
2144 2295 2412 2360 dignitate

1379 2362 1723 2425 principibus
1758 2361 1993 2412 excellit.

1460 2430 1541 2482 11.
1560 2427 1830 2494 appellata
1853 2455 1921 2466 —
1944 2445 2031 2494 ex,
2060 2425 2167 2492 vgl.
2192 2427 2227 2477 l.
2249 2429 2297 2489 9,
2323 2430 2409 2490 18;

1392 2498 1472 2561 16,
1510 2497 1592 2547 36.

1460 2565 1538 2616 12.
1619 2578 1846 2614 munera

1388 2630 1661 2683 Pfliebten.

1454 2701 1532 2752 13.
1567 2699 1844 2763 utendum,
1878 2698 1989 2751 bier
2005 2721 2073 2742 ==
2092 2697 2412 2764 betha‘itigen.

1454 2770 1534 2822 17.
1579 2770 1667 2818 vir
1702 2769 1935 2832 optimus
1963 2767 2141 2820 deutet
2168 2767 2288 2819 sehr
2332 2766 2412 2820 oft

1380 2835 1601 2903 geistige
1634 2834 2065 2887 Beschriinktheit
2099 2850 2191 2900 an,
2225 2835 2335 2902 vgl.
2372 2836 2410 2889 1.

1381 2907 1433 2969 3,
1468 2906 1527 2964 ὃς
1569 2902 1646 2957 111.
1685 2905 1769 2968 21,
1806 2906 1904 2956 501
1953 2904 2084 2956 anch
2122 2906 2252 2955 boni
2285 2908 2412 2971 viri,

1379 2989 1426 3024 z.
1453 2971 1511 3027 B.
1548 2972 1611 3024 de
1647 2977 1776 3025 orat.
1813 2970 1891 3025 111.
1920 2975 1999 3038 17,
2025 2973 2108 3025 64.
2178 2973 2408 3026 Ebenso:

1380 3041 1464 3093 ein
1519 3045 1668 3106 guter
1721 3038 1959 3106 Mensch,
2018 3040 2249 3108 εὐήθης,
2306 3044 2412 3093 bon

1382 3111 1605 3160 homme.

1455 3178 1533 3231 18.
1564 3180 1859 3227 tantum—
1878 3181 2137 3241 quantum
2163 3192 2259 3230 nur
2282 3176 2415 3229 eben

1381 3260 1444 3297 so
1479 3244 1605 3309 viel,
1640 3244 1718 3295 als
1755 3271 1838 3308 -,
1874 3258 1917 3295 5.
1952 3259 2016 3295 zu
2050 3243 2088 3297 1.
2132 3247 2214 3308 13,
2250 3246 2334 3298 29.

1453 3314 1536 3365 20.
1580 3312 1917 3376 Audiamus,
1953 3312 2106 3365 nfiml.
2144 3312 2287 3365 seine
2323 3311 2411 3363 Er-

1382 3380 1604 3446 klfirung
1660 3380 1885 3446 neglege
1937 3380 2206 3448 dolorem,
2255 3395 2296 3434 s.
2349 3396 2413 3433 zu

1384 3452 1468 3514 20,
1494 3451 1585 3502 46:
1621 3449 1821 3500 Audio.

1450 3521 1533 3571 21.
1580 3518 1724 3568 Iter-a
1762 3518 1889 3568 dum
1937 3518 2038 3567 cet.
2106 3513 2252 3568 Nach
2289 3515 2416 3569 Rib-

1380 3585 1516 3638 beck
1570 3600 1663 3637 aus
1715 3584 1808 3637 des
1864 3583 2190 3637 Pacuvius
2235 3583 2415 3637 Iliona.

1381 3652 1765 3719 Vollstiindiger
1822 3652 1985 3705 lautet
2053 3651 2222 3705 dieser
2283 3652 2415 3705 Vers

1378 3721 1540 3774 Acad.
1576 3722 1635 3773 11.
1673 3724 1757 3785 27,
1792 3722 1883 3774 88:

1484 3826 1500 3842 .
1535 3803 1636 3854 age
1668 3789 1842 3854 adsta,
1875 3804 2048 3852 mane,
2087 3788 2236 3853 audi,
2271 3790 2413 3838 itera

1688 3857 1814 3907 dum
1856 3856 2040 3908 eadem
2076 3857 2180 3907 ista
2215 3857 2353 3907 milti
2363 3860 2414 3919 Ι,

1962 2562 2409 2629 Obliegenbeiten‚

2526 1468 2591 1547 (s
