2834 4317
22 0 37 199 11
931 141 1119 195 menn
1154 141 1238 196 ιν.
1276 143 1515 209 5‚11.43‚
1542 144 1616 194 12.
2292 140 2367 198 61

223 333 468 395 sequar,
529 312 630 394 qui
675 316 939 376 animum
983 316 1043 376 in
1092 314 1237 376 duas
1266 315 1450 395 partis
1494 315 1791 388 dividunt,
1837 315 2079 379 alteram
2123 319 2374 382 rationis

220 401 570 482 participem
613 401 856 474 faciunt,
901 401 1142 462 alteram
1173 409 1508 480 expertem3
1541 401 1602 461 in
1645 401 1931 481 participe
1973 403 2220 466 rationis
2262 423 2371 485 po-

224 495 378 549 nunt
400 485 901 566 tranquillitatem,
933 485 993 546 id
1016 496 1104 547 est
1140 485 1430 566 placidam
1456 485 1833 565 quietamque
1864 489 2275 561 constantiam,
2308 490 2370 550 in

222 572 320 633 illa
349 571 533 632 altera
576 579 772 632 motus
815 571 1085 632 turbidos
1135 589 1270 631 cum
1317 570 1441 631 irae
1484 579 1611 632 tum
1642 570 1978 650 cupiditatis
2039 574 2374 637 contrarios

22 684 39 749 Ι,
146 667 179 717 5
222 655 616 736 inimicosque
656 656 892 717 rationi.
965 656 1053 717 Sit
1093 656 1274 735 igitur
1319 655 1414 717 hic
1443 656 1609 732 fons3
1661 665 1897 718 utamur
1936 666 2134 719 tamen
2179 659 2240 719 in
2284 659 2375 721 his
2420 665 2476 718 11

34 740 41 779 ¹
223 741 771 822 perturbationibus
802 741 1193 802 discribendis
1236 740 1573 802 Stoicorum
1614 741 2059 805 definitionibus
2102 754 2160 804 et
2189 740 2375 824 parti-'-

32 788 41 915 Ι
221 826 527 902 tionibus,
548 826 652 905 qui
682 826 825 886 mihi
853 826 1126 887 videntur
1154 826 1215 887 in
1247 826 1358 886 hac
1390 825 1738 905 quaestione
1766 828 1984 889 versari
2016 829 2374 891 acutissime.

34 930 41 991 ς
395 911 502 972 Est
536 911 721 989 igitur
751 910 1004 972 Zenonis
1043 911 1189 972 haec
1232 910 1527 984 definitio,
1570 919 1638 972 ut
1671 913 2029 993 perturbatio
2061 913 2166 987 sit,
2212 915 2368 993 quod
2405 917 2444 972 6

30 1004 41 1071 ,¹
224 992 460 1072 πάθος
503 995 602 1057 ille
645 995 816 1069 dicit,
863 1013 1062 1058 aversa
1105 1013 1137 1056 a
1181 1005 1342 1058 recta
1371 996 1602 1058 ratione
1633 1006 1839 1058 contra
1883 1009 2152 1059 naturam
2196 999 2376 1060 animi

22 1078 41 1163 ff
118 1090 178 1141 10
220 1080 563 1143 commotio.
625 1080 873 1152 Quidam
904 1081 1169 1155 breviuS,
1214 1081 1723 1160 perturbationem
1766 1100 1893 1144 esse
1922 1084 2249 1164 appetitum
2279 1103 2378 1145 ve-

22 1174 25 1183 *
220 1167 682 1239 hementiorem,
727 1167 831 1228 sed
858 1166 1359 1227 vehementiorem
1390 1185 1528 1228 eum
1555 1166 1764 1228 volunt
1792 1185 1950 1241 esse,
1999 1168 2100 1246 qui
2142 1169 2379 1247 longius

221 1251 559 1314 discesserit
600 1270 633 1312 a
679 1259 922 1313 naturae
962 1251 1322 1313 constantia..
1385 1252 1572 1312 Partis
1624 1260 1817 1312 autem
1860 1253 2379 1333 perturbationum

222 1338 432 1398 volunt
477 1355 547 1397 ex
589 1335 822 1398 duobus
874 1337 1129 1418 opinatis
1182 1335 1354 1397 bonis
1407 1336 1570 1397 nasci
1612 1345 1671 1397 et
1724 1355 1795 1397 ex
1837 1337 2067 1399 duobus
2120 1337 2380 1418 opinatis

22 1492 25 1501 Ι
224 1421 434 1496 malis;
471 1421 549 1482 ita
581 1440 708 1484 esse
740 1430 1049 1500 quattuor,
1101 1440 1173 1482 ex
1205 1421 1378 1483 bonis
1422 1421 1715 1483 libidinem
1759 1429 1818 1482 et
1849 1421 2159 1497 laetitiam,
2207 1431 2274 1484 ut
2303 1423 2379 1484 sit
2469 1418 2476 1423 “

22 1522 25 1587 Ι
115 1516 173 1568 15
220 1505 443 1568 laetitia
473 1508 874 1586 praesentium
904 1507 1221 1582 bonorum,
1257 1505 1439 1567 libido
1472 1508 1827 1580 futurorum,
1867 1526 1938 1568 ex
1967 1509 2134 1569 malis
2163 1517 2378 1570 metum

22 1608 25 1681 2
221 1600 285 1654 et
315 1592 730 1672 aeyritudiuem
754 1593 915 1653 nasci
940 1601 1205 1664 censent,
1235 1601 1459 1653 metum
1485 1591 1719 1665 futuriS,
1750 1591 2179 1671 aegritudinem
2204 1611 2377 1674 prae-

24 1684 25 1701 *
221 1677 528 1752 sentibus;
561 1695 712 1755 quae
743 1677 902 1738 enim
931 1677 1227 1738 venientia
1256 1685 1624 1750 metuuntur,
1657 1675 1860 1738 eadem
1884 1678 2166 1739 adficiunt
2187 1678 2377 1756 aegri-

221 1762 435 1824 tudine
466 1761 761 1824 instantia.
835 1762 1080 1824 Laetitia
1111 1770 1305 1824 autem
1338 1770 1397 1823 et
1424 1760 1608 1823 libido
1650 1761 1712 1823 in
1757 1762 2053 1824 bonorum
2095 1763 2380 1844 opinione
2423 1771 2486 1822 12

220 1855 566 1921 versantur,
600 1865 733 1908 cum
766 1847 946 1908 libido
976 1849 1046 1908 ad
1079 1846 1166 1921 id,
1197 1849 1354 1927 quod
1384 1847 1615 1909 videtur
1644 1847 1898 1923 bonum,
1938 1848 2153 1910 inlecta
2197 1858 2254 1910 et
2285 1849 2379 1909 in·

24 1954 25 1977 ³
115 1942 176 1992 20
223 1934 522 1993 flammata
551 1931 838 2012 rapiatur,
881 1933 1099 1993 laetitia
1127 1942 1195 1994 ut
1223 1932 1436 2013 adepta
1466 1933 1582 1993 iam
1613 1932 1831 2011 aliquid
1876 1935 2259 2014 concupitum
2293 1935 2380 1994 ef·

223 2019 455 2079 feratur
485 2026 543 2078 et
573 2020 800 2097 gestiat.
860 2018 1080 2078 Natura
1112 2017 1271 2079 enim
1302 2034 1511 2079 omnes
1542 2035 1611 2078 ea
1630 2062 1646 2090 ,
1692 2036 1841 2097 quae
1886 2017 2043 2079 bona
2085 2019 2379 2092 videntur,

224 2111 567 2181 sequuntur
608 2103 962 2182 fugiuntque
1016 2102 1331 2164 contraria.
1414 2102 1604 2174 Quam
1635 2103 1709 2162 ob
1753 2121 1881 2163 rem
1932 2104 2108 2164 simul
2152 2104 2379 2165 obiecta

225 2188 462 2269 species
492 2196 581 2249 est
610 2188 958 2268 cuiuspiam,
989 2186 1150 2267 quod
1178 2188 1402 2249 bonum
1434 2188 1717 2261 videatur,
1748 2188 1818 2248 ad
1851 2187 1906 2248 id
1938 2188 2379 2268 adipiscendum

227 2272 484 2353 impellit
523 2272 650 2353 ipsa
683 2283 908 2334 natura.
968 2273 1032 2334 Id
1065 2290 1200 2334 cum
1243 2280 1591 2334 constanter
1631 2272 2075 2352 prudenterque
2117 2274 2212 2348 fit,
2257 2272 2384 2334 eius

230 2405 292 2442 er
326 2388 436 2441 sich
481 2388 535 2441 in
583 2387 672 2441 der
706 2389 1043 2455 Behandlung
1066 2389 1258 2443 —dieses
1432 2391 1512 2443 13.
1552 2391 1787 2454 opinatis
1822 2391 1989 2451 bonis,
2026 2403 2068 2453 s.
2094 2406 2157 2442 zu
2192 2390 2269 2443 111.
2301 2395 2384 2456 11,

230 2456 457 2510 Themas
491 2457 592 2522 (bis
615 2472 659 2509 c.
683 2460 765 2518 14)
790 2457 887 2510 den
915 2457 1153 2510 Stoikern
1177 2474 1258 2511 an.
1363 2459 1445 2509 24.
1514 2456 1716 2508 Ebenso
1753 2458 1783 2521 ἓ
1824 2459 1902 2511 14.
1940 2457 2040 2509 Zur
2075 2457 2240 2510 Sache
2275 2459 2381 2525 vgl.

306 2528 354 2578 4.
401 2541 521 2579 cum
566 2527 710 2590 irae,
763 2530 875 2577 tum
923 2527 1258 2592 cupiditati53
1361 2524 1526 2590 Epict.
1552 2524 1752 2577 Euchir.
1789 2539 1833 2576 c.
1861 2530 1917 2577 5:
1963 2522 2231 2594 Ταράσσει
2263 2524 2386 2579 τοὺς

232 2611 280 2646 8.
304 2593 340 2644 1.
365 2597 443 2652 10.
468 2596 548 2646 20.
1361 2589 1698 2661 ἀνθρώπους
1720 2588 1781 2644 οὗ
1808 2590 1876 2644 τὰ
1900 2590 2212 2676 πράγματα,
2247 2589 2384 2647 ἀλλὰ

310 2662 358 2715 8.
405 2660 641 2712 Zenonis
684 2659 942 2723 definitio,
1012 2660 1157 2728 Diog.
1206 2661 1261 2713 L.
1361 2658 1435 2713 τὰ
1476 2663 1601 2732 περὶ
1647 2660 1766 2712 τῶν
1805 2670 2148 2732 πραγμάτων
2183 2657 2386 2732 δόγμα·

233 2728 343 2792 vll,
383 2732 506 2783 110:
548 2726 705 2780 Ἐστι
750 2725 812 2780 δὲ
850 2724 986 2781 αὐτὸ
1030 2725 1095 2781 τὸ
1143 2725 1260 2783 πά·
1363 2746 1452 2780 τα.
1490 2758 1495 2765 ·

234 2797 331 2850 θο
351 2812 375 2848 c
420 2793 552 2850 κατί·
597 2792 831 2861 Ζήνωνα
877 2792 910 2863 ἡ
951 2792 1140 2868 ἄλογος
1172 2800 1264 2848 καὶ
1438 2799 1519 2849 16.
1586 2794 1794 2857 futuris
1870 2826 1936 2835 --
2002 2799 2386 2864 praesentibus.

233 2861 391 2933 παρὰ
435 2859 603 2934 φύσιν
656 2864 825 2930 ψυχῆς
870 2869 1076 2931 κίνησις
1110 2858 1143 2931 ἢ
1177 2859 1263 2933 ὁρ·
1368 2863 1566 2931 Wegen
1602 2864 1693 2917 des
1734 2865 1878 2916 nicht
1914 2864 2283 2918 wiederbolten
2318 2883 2389 2918 ex

236 2931 316 3002 μὴ
356 2929 745 2997 πλεονάζουσα.
1369 2948 1409 2985 S.
1448 2948 1490 2984 z.
1525 2932 1602 2984 Ill.
1642 2936 1722 2998 15,
1759 2936 1852 2987 33:
1889 2937 2215 2986 avocatione.
2272 2933 2387 3001 Vgl.

311 3004 361 3054 9.
441 3006 630 3053 contra
696 3005 976 3067 naturam,
1048 2999 1266 3065 adjekti·
1368 3001 1499 3053 auch
1524 3000 1589 3054 de
1613 2999 1698 3053 off.
1722 3001 1758 3056 1.
1784 3005 1867 3066 37,
1895 3005 2022 3056 134:
2059 3003 2242 3054 videat
2272 3007 2387 3069 qui-

239 3068 415 3121 visch:
451 3060 849 3135 ‘naturwidrig',
894 3070 992 3121 wie
1026 3067 1084 3123 11.
1122 3071 1169 3133 3,
1207 3073 1263 3121 7:
1368 3070 1466 3120 bus
1502 3069 1566 3119 de
1610 3071 1767 3121 rebus
1808 3070 2093 3136 loquatur:
2134 3073 2184 3121 si
2215 3073 2387 3133 teriia,

237 3140 359 3189 sine
383 3137 748 3189 delectatione.
808 3136 920 3204 Vgl.
947 3143 1105 3189 unten
1131 3138 1161 3201 ἓ
1185 3139 1264 3191 13.
1368 3140 1707 3188 severitatem
1759 3139 2039 3204 adhibeat,
2090 3141 2141 3188 si
2191 3140 2388 3190 iocosis

316 3207 397 3258 11.
418 3206 620 3271 volunt,
639 3220 678 3258 3.
700 3222 762 3258 zu
780 3205 817 3258 Ι.
839 3209 918 3270 10,
938 3208 1019 3258 20.
1057 3205 1262 3257 Ebenso
1367 3206 1615 3271 leporem.

241 3278 403 3326 unten
439 3276 489 3339 7,
529 3276 606 3326 15.
1438 3275 1516 3326 18.
1541 3275 2231 3340 imlantia=praesentia‚
2255 3274 2388 3325 auch

318 3342 398 3394 12.
452 3358 485 3392 a
521 3345 750 3392 naturae
796 3344 1096 3393 constantia
1135 3332 1264 3392 ‘von
1367 3344 1450 3403 30,
1491 3343 1574 3394 64.
1773 3356 1778 3364 ’

245 3408 336 3461 der
378 3409 788 3495 naturgemfissen
820 3400 1244 3475 Bestandigkeit'.
1438 3411 1518 3463 20.
1544 3413 1609 3460 ut
1638 3409 1848 3474 adepta,
1886 3401 1957 3460 οἷς
1982 3409 2231 3472 τυχοῦσα.
2271 3407 2387 3474 Vgl.
2446 3453 2451 3459 .

313 3478 497 3528 Partis
547 3476 775 3543 Species,
810 3470 1000 3542 Arten’,
1036 3492 1078 3530 s,
1106 3493 1170 3528 zu
1187 3476 1264 3530 Ill.
1366 3476 1403 3530 1.
1425 3479 1472 3540 8,
1496 3481 1586 3532 15:
1622 3481 1687 3527 ut
1719 3477 1906 3528 Siculi.

251 3548 332 3609 11,
369 3546 451 3609 24,
477 3561 562 3598 wo
586 3545 776 3610 jedoch
813 3545 934 3610 (wie
959 3546 1086 3597 auch
1112 3546 1266 3597 nach·
1438 3547 1519 3598 22.
1555 3544 1733 3608 sim-ul,
1768 3543 1848 3596 siu·
1881 3544 2044 3595 sivnul
2075 3548 2250 3610 atque,
2288 3544 2389 3596 wie

246 3613 341 3665 her
368 3615 400 3678 ξ
425 3616 487 3666 16
508 3614 608 3667 und
629 3616 695 3666 20
718 3613 926 3678 wieder)
943 3613 1024 3665 die
1042 3613 1266 3665 Unter-
1368 3612 1525 3666 Acad.
1571 3613 1627 3665 11.
1670 3614 1761 3677 27,
1804 3615 1868 3666 86
1889 3633 1899 3664 :
1948 3610 2121 3664 Simul
2173 3615 2390 3676 inflavit

249 3681 580 3749 ahteilungen
602 3681 690 3733 der
710 3681 817 3732 vier
832 3683 1269 3747 perturbationes
1372 3683 1586 3747 tibicen,
1614 3699 1647 3732 a
1680 3684 1856 3747 perito
1892 3696 2109 3732 carmen
2144 3684 2389 3746 agnosci·

246 3753 502 3815 partes,
528 3748 668 3802 diese
688 3749 851 3801 selbst
875 3749 995 3803 aber
1013 3765 1270 3815 genera
1373 3754 1494 3809 tur,
1521 3750 1653 3802 auch
1681 3749 1761 3800 bei
1787 3748 1938 3801 Gfisar
1959 3747 2064 3800 und
2087 3748 2261 3800 Livius
2287 3750 2390 3800 bis·

249 3821 478 3884 genennt
518 3817 738 3870 werden.
1378 3817 1580 3869 weilen.
