2834 4317
129 712 159 761 5

104 1136 160 1188 10

104 1564 158 1614 15

929 188 1119 242 menn
1152 190 1229 244 111.
1266 193 1454 257 30‚74.
1491 193 1575 254 31,
1594 193 1675 243 74.
2279 187 2358 248 47

382 362 500 423 Sed
540 363 614 425 de
654 364 770 425 hoc
810 363 980 439 alias;
1034 381 1199 425 nunc
1235 363 1378 425 illud
1422 361 1564 425 satis
1604 371 1725 435 est,
1767 381 1890 423 non
1932 363 2255 425 attribuere
2282 365 2357 426 ad
2388 362 2468 419 3⁰

208 447 590 510 amissionem
629 449 957 510 amicorum
1010 449 1307 510 miseriam
1359 458 1656 522 nostram,
1708 465 1787 508 ne
1830 447 1960 509 illos
2000 448 2135 528 plus
2185 466 2364 527 quam

207 533 322 613 ipsi
351 533 564 606 velint,
595 534 644 594 si
674 534 966 606 sentiant,
1011 533 1148 613 plus
1174 542 1336 595 certe
1367 551 1546 613 quam
1578 540 1814 594 nosmet
1840 533 2004 612 ipsos
2033 534 2360 610 diligamus.
2455 539 2459 544 ’

206 617 358 679 Nam
403 618 562 697 quod
603 619 773 679 aiunt
812 619 1129 699 plerosque
1183 617 1693 681 consolationibus
1735 617 1883 678 nihil
1931 618 2110 679 levari
2150 619 2360 680 adiun-

202 710 475 784 guntque
505 703 909 765 consolatores
938 704 1098 784 ipsos
1128 704 1402 765 confiteri
1432 724 1496 766 se
1525 703 1805 775 miseros,
1837 721 1974 764 cum
2014 705 2085 765 ad
2117 723 2219 766 eos
2248 705 2360 765 im·

170 794 175 807 '
205 796 411 868 petum
430 807 605 851 suum
627 790 870 850 fortuna
893 789 1269 861 converterit,
1296 797 1615 869 utrumque
1639 788 2004 864 dissolvitur3
2034 798 2177 850 sunt
2199 790 2358 851 enim

170 874 320 934 ·ista
351 892 471 934 non
520 882 767 935 naturae
805 873 978 949 vitia,
1030 874 1133 936 sed
1179 875 1407 954 culpae.
1477 874 1797 935 Stultitiam
1842 883 2041 935 autem
2083 892 2361 953 accusare

208 959 475 1037 quamvis
506 959 746 1039 copiose
775 959 930 1020 licet.
985 959 1132 1020 Nam
1162 969 1222 1020 et
1249 961 1351 1038 qui
1383 979 1508 1021 non
1539 960 1811 1021 levantur
1840 959 1953 1038 ipsi
1984 978 2049 1021 se
2078 960 2151 1020 ad
2181 959 2358 1040 mise-

205 1044 354 1104 riam
387 1043 653 1117 invitant,
685 1052 746 1105 et
775 1043 878 1123 qui
905 1063 1047 1106 suos
1093 1062 1265 1107 casus
1306 1046 1479 1106 aliter
1504 1047 1741 1118 ferunt,
1779 1052 1958 1122 atque
1985 1055 2055 1105 ut
2083 1053 2359 1107 auctores

202 1127 334 1190 aliis
377 1128 487 1209 ipsi
531 1130 807 1203 fuerunt,
853 1149 975 1191 non
1007 1139 1150 1191 sunt
1179 1130 1508 1192 vitiosiores
1539 1147 1715 1209 quam
1747 1130 1873 1190 fere
1904 1128 2209 1208 plerique,
2254 1131 2358 1210 qui

205 1213 366 1275 avari
407 1233 640 1288 avaroS,
685 1215 905 1295 gloriae
950 1215 1197 1295 cupidos
1245 1215 1488 1293 gloriosi
1531 1215 2010 1295 reprehendunt;
2060 1222 2149 1277 est
2191 1212 2352 1276 enim

203 1300 520 1379 proprium
549 1300 828 1362 stultitiae
858 1300 1109 1362 aliorum
1136 1300 1272 1361 vitia
1301 1317 1581 1372 cernere,
1616 1298 1878 1362 oblivisci
1909 1317 2174 1361 suorum.
2235 1300 2353 1362 Sed
2395 1301 2454 1353 74

205 1382 492 1446 nimirum
533 1385 649 1445 hoc
690 1403 1032 1447 maxumum
1063 1394 1152 1447 est
1179 1386 1684 1465 experimentum,
1728 1400 1863 1446 cum
1895 1394 2131 1445 constet
2159 1386 2351 1464 aegri-

200 1468 474 1531 tudinem
512 1477 800 1532 vetustate
841 1471 1000 1545 tolli,
1046 1470 1198 1531 hanc
1226 1471 1340 1531 vim
1388 1489 1511 1532 non
1547 1488 1673 1532 esse
1704 1469 1766 1530 in
1799 1468 1893 1530 die
1922 1469 2205 1549 positam,
2248 1469 2355 1532 sed

200 1554 264 1616 in
309 1555 672 1634 cogitatione
712 1555 1012 1617 diuturna.
1097 1556 1243 1617 Nam
1288 1556 1336 1618 si
1368 1566 1432 1617 et
1476 1557 1676 1616 eadem
1720 1574 1817 1616 res
1858 1564 1947 1616 est
1989 1562 2050 1615 et
2078 1555 2235 1616 idem
2265 1564 2354 1617 est

200 1639 417 1712 homo,
462 1640 565 1719 qui
601 1649 800 1721 potest
840 1641 1154 1720 quicquam
1198 1642 1272 1703 de
1324 1641 1531 1702 dolore
1560 1640 1802 1714 mutari,
1848 1639 1898 1701 si
1929 1657 2126 1719 neque
2154 1639 2230 1702 de
2259 1658 2351 1712 eo,

161 1739 168 1754 ·
204 1733 457 1805 propter
478 1726 639 1804 quod
659 1726 836 1800 dolet,
860 1726 1178 1806 quicquam
1197 1735 1285 1788 est
1298 1734 1586 1787 mutatum
1603 1744 1798 1805 neque
1819 1725 1892 1786 de
1908 1743 1999 1800 eo,
2025 1726 2127 1805 qui
2148 1722 2351 1787 dolet?

203 1809 496 1890 Cogitatio
520 1810 700 1890 igitur
720 1811 1000 1872 diuturna
1026 1812 1175 1872 nihil
1196 1830 1326 1874 esse
1348 1813 1408 1873 in
1436 1830 1501 1872 re
1524 1811 1661 1873 mali
1684 1811 1876 1873 dolori
1902 1812 2194 1886 medetur;
2225 1829 2349 1872 non

202 1894 334 1975 ipsa
362 1895 738 1957 diuturnitas

373 1980 484 2042 Hic
526 1980 671 2042 mihi
710 1981 988 2043 adserunt
1014 1981 1470 2059 mediocritates.
1540 1981 1708 2054 Quae
1737 1981 1786 2043 si
1833 1981 2134 2043 naturales
2186 1990 2345 2057 sunt,
2381 1975 2453 2032 31

201 2065 347 2144 quid
391 2084 543 2145 opus
589 2075 681 2128 est
720 2065 1173 2129 consolatione?
1217 2077 1428 2128 natura
1474 2067 1630 2128 enim
1674 2067 1802 2147 ipsa
1844 2067 2187 2128 terminabit
2219 2085 2349 2128 mo·

283 2237 329 2285 1.
380 2232 489 2284 Sed
530 2234 596 2284 de
639 2235 739 2284 lwc
784 2235 938 2286 alias.
1013 2232 1126 2300 vgl.
1177 2238 1223 2287 5.

203 2304 293 2353 10:
334 2300 443 2352 Sed
473 2302 537 2352 id
568 2302 719 2352 alias.

266 2371 567 2420 attribuere
583 2369 692 2421 hier
709 2365 1075 2435 ‘hinzuffigen'‚
1101 2369 1225 2421 kurz

199 2436 306 2488 sur:
361 2439 494 2488 eatis
538 2442 619 2487 eet
667 2437 857 2488 decere
906 2454 1017 2489 non
1069 2440 1227 2489 attri-

197 2505 465 2556 buendam
479 2521 587 2556 esse
600 2534 670 2545 —
684 2509 955 2557 miceriam
971 2510 1224 2557 nostram.

275 2576 325 2626 4.
384 2572 527 2623 Nam
580 2574 726 2639 qued
779 2577 963 2637 aiunt,
1026 2574 1227 2627 Formel

199 2638 289 2692 der
336 2644 648 2707 occupatio,
693 2643 890 2694 welche
933 2642 1030 2694 den
1067 2629 1227 2696 Uber-

150 2706 155 2713 ’
198 2722 339 2775 gang
392 2724 481 2761 zur
517 2710 929 2776 nachtrfiglichen
979 2710 1227 2763 Widerle-

198 2790 343 2893 §ung
366 2777 508 2829 eines
550 2778 771 2831 anderen
807 2777 1114 2831 Einwandes
1139 2780 1228 2831 der

242 2844 573 2911 eripatetiker
626 2846 736 2911 (der
779 2849 874 2910 29,
910 2851 971 2900 71
1021 2847 1076 2899 ἰιι
1128 2847 1227 2900 den

201 2910 398 2965 Versen
433 2914 696 2966 euthalten
732 2919 866 2980 war)
911 2914 1226 2970 bezeichnet.

197 2977 439 3033 Dieselbe
476 2981 747 3047 Wendung
783 2983 917 3035 oben
958 2985 1037 3047 16,
1073 2985 1140 3036 35
1175 3000 1223 3036 u.

146 3054 153 3067 ⁵
199 3049 284 3113 25,
320 3051 411 3109 603
445 3048 527 3101 lv.
565 3053 648 3114 23,
685 3053 750 3103 52
785 3068 836 3103 u.
871 3068 918 3103 0.

269 3118 318 3169 6.
355 3117 669 3170 discalciem-
700 3115 921 3170 ‘zerfallt
954 3119 1005 3170 in
1042 3115 1187 3171 sich'.

269 3187 318 3236 7.
355 3191 585 3236 naturae
619 3215 689 3226 —
714 3187 920 3252 culpae.
979 3185 1222 3240 Derselbe

200 3250 489 3318 Gegensatz
523 3254 606 3305 IV.
645 3258 728 3320 37,
763 3257 855 3308 81:
902 3255 1008 3320 Qui
1040 3261 1223 3307 autem

196 3334 310 3370 noa
335 3326 555 3387 natura,
588 3325 684 3374 sed
716 3324 872 3389 culpa
909 3326 1092 3375 vitiosi
1113 3341 1222 3375 ene

197 3387 478 3441 dicuntur.

271 3458 319 3509 8.
339 3461 580 3522 quamvis
598 3462 824 3525 copiose,
841 3475 884 3512 s.
908 3475 951 3511 z.
976 3459 1012 3511 1.
1032 3463 1115 3523 21,
1136 3464 1218 3515 47.

267 3540 379 3575 non
407 3526 657 3578 levantur
688 3524 815 3579 ‘sich
841 3528 983 3580 nicht
1005 3529 1218 3581 erleich-

201 3596 312 3644 tern
350 3586 554 3647 lassen’.

268 3662 403 3727 ispa·
444 3679 501 3713 se
545 3664 620 3714 ad
663 3665 935 3715 miseriam
969 3666 1220 3717 invitant.

200 3725 317 3794 vgl.
360 3732 442 3794 34,
481 3732 574 3783 82:
622 3732 853 3797 quadam
896 3734 1220 3783 invitatione

199 3796 331 3861 (scil.
364 3800 471 3863 sui)
505 3800 580 3851 ad
610 3801 911 3852 dolendum.

269 3866 318 3917 9.
354 3870 600 3919 auctores
633 3885 715 3906 —·
736 3865 977 3929 fuerunt.
1045 3866 1115 3919 So
1151 3868 1214 3921 ad

1326 2234 1435 2285 Att.
1470 2233 1580 2286 XV.
1614 2238 1662 2298 5,
1700 2236 1759 2286 2:
1793 2236 2030 2299 mihique
2064 2238 2130 2284 ut
2176 2236 2347 2285 absim

1322 2305 1659 2353 vehementer
1702 2307 1897 2353 auctor
1946 2305 2050 2361 θείς
2104 2301 2168 2353 ad
2225 2302 2346 2353 fam.

1326 2369 1408 2421 Vl.
1460 2373 1506 2434 8,
1555 2373 1616 2423 2:
1669 2387 1703 2421 a
1758 2385 1842 2420 me
1888 2371 2170 2420 consilium
2205 2373 2349 2435 petis

1327 2439 1461 2505 quid
1492 2442 1593 2488 sim
1629 2439 1732 2489 tibi
1764 2442 1975 2499 auctor,
2010 2454 2058 2488 u.
2097 2437 2247 2488 oster.

1329 2573 1364 2624 k
1400 2510 1496 2589 ¹⁰3
1514 2522 1625 2558 nen
1657 2507 1959 2557 vitiosiores
1987 2501 2201 2557 ‘ebenso
2234 2520 2349 2557 ver-

1366 2575 1480 2626 ehrt
1498 2611 1512 2626 .

1402 2645 1481 2694 12.
1507 2642 1741 2693 aliorum
1763 2643 1876 2692 vita
1901 2647 1997 2693 cet.
2050 2640 2169 2692 Hor.
2193 2656 2345 2694 serm.

1327 2711 1364 2763 Ι.
1403 2714 1434 2763 3
1488 2711 1552 2762 25
1572 2725 1596 2762 s
1637 2728 1674 2762 .:

1401 2750 1531 2831 C’um
1559 2726 1653 2830 talla
1685 2778 1965 2845 pervideas
1999 2778 2168 2828 oculis
2199 2777 2346 2829 mala

1707 2875 1711 2883 ·
1739 2847 1917 2912 lippus}
1956 2847 2210 2910 inunctis,

1401 2915 1589 2967 Curia
1607 2916 1906 2966 amicorum
1924 2915 2076 2964 vitiis
2099 2917 2210 2964 tam
2234 2928 2345 2964 cer-

1734 2985 1822 3033 nis
1856 2984 2109 3032 acutum?

1396 3053 1475 3104 13.
1493 3039 2206 3108 nimirum‘unzweiselbaft’z
2229 3050 2347 3115 hoc,

1324 3119 1479 3171 naml.
1527 3118 1641 3171 dats
1686 3118 1769 3170 die
1815 3119 2000 3170 voi-her
2045 3118 2343 3170 erwiihnten

1325 3186 1507 3238 Fehler
1553 3186 1795 3252 lediglieh
1839 3201 1931 3238 aus
1971 3185 2221 3238 Thorheit
2256 3185 2342 3238 be-

1324 3269 1527 3321 gangen
1537 3254 1761 3307 werden.
1791 3253 1904 3307 Von
1923 3257 2343 3320 experimentum

1321 3314 1917 3388 (Erfahrungsbeweis')
1988 3324 2145 3387 hangt
2203 3323 2345 3371 lianc

1322 3395 1433 3442 vim
1468 3407 1578 3442 non
1615 3408 1721 3442 esse
1753 3392 1842 3452 ab;
1888 3390 1993 3456 vgl.
2029 3405 2091 3441 zu
2131 3390 2211 3453 16,
2247 3390 2339 3440 34:

1320 3462 1463 3511 nihil
1495 3475 1619 3510 esse.

1392 3532 1469 3580 14.
1507 3532 1565 3577 in
1601 3528 1703 3592 die,
1740 3528 1843 3592 vgl.
1883 3528 1963 3590 16,
2002 3527 2091 3579 35:
2129 3525 2342 3590 long-iu-

1319 3601 1499 3662 quitar
1534 3601 1586 3646 et
1619 3596 1745 3647 dies.

1386 3667 1469 3718 20.
1512 3662 1773 3723 adferunt
1803 3663 2223 3727 mediocritates,
2269 3678 2339 3716 sc.

1314 3733 1685 3799 Peripatetici,
1721 3747 1767 3782 s.
1803 3733 1882 3795 10,
1918 3732 2011 3789 22;
2048 3731 2340 3795 naturales,

1317 3800 1418 3851 wie
1447 3801 1539 3863 ,die
1573 3798 1950 3866 Peripatetiker
1996 3796 2303 3864 hehaupten.

1386 3870 1468 3923 21.
1497 3869 1806 3919 terminabit
1835 3868 1936 3933 (fur
1957 3869 2120 3933 ponet
2143 3865 2227 3918 od.
2252 3866 2340 3927 fa-
