2834 4317
473 155 554 215 20
885 222 893 228 ,
1158 153 1347 207 uena
1379 154 1457 208 111.
1496 157 1577 222 12,
1597 154 1679 207 ιι.
1718 153 1797 222 13',
1818 157 1900 209 28.

473 348 597 391 non
629 328 800 389 filiae.
860 326 1025 388 Illam
1056 327 1213 388 enim
1245 328 1474 400 oderas,
1502 326 1710 388 etiure
1741 325 2021 400 fortasse3
2051 343 2238 404 regno
2271 345 2393 387 non
2429 344 2625 405 aequo

473 414 672 475 animo
717 411 978 475 carebas.
1066 411 1175 473 Est
1217 420 1413 473 autem
1459 411 1776 490 impudens
1811 410 2007 471 luctus
2040 427 2309 472 maerore
2338 430 2403 472 se
2432 412 2628 472 confi-

368 510 428 561 2'1
474 497 714 573 cientis,
759 497 964 576 quod
948 514 1242 577 imperare
1273 515 1397 557 non
1428 496 1605 557 liceat
1635 495 1857 557 liberis.
1916 493 2233 575 Dionysius
2263 495 2501 575 quidem
2532 507 2630 576 ty-

474 601 702 644 rannus
738 582 1043 673 Syracusis
1087 581 1366 661 expulsus
1410 581 1681 642 Corinthi
1726 598 1952 660 pueros
1989 579 2271 657 docebat;
2316 599 2507 660 usque
2555 599 2627 642 eo

474 667 727 765 imperio
771 684 974 728 carere
1020 686 1142 727 non
1176 674 1426 746 poterat.
1501 665 1823 744 Tarquinio
1854 681 1995 726 vero
2026 665 2167 743 quid
2200 627 2628 746 impudentius,
2676 673 2709 723 5

476 753 579 831 qui
609 750 833 813 bellum
861 760 1097 848 gereret
1124 770 1261 812 cum
1294 750 1382 824 iis,
1415 750 1519 830 qui
1548 750 1676 811 eius
1712 768 1835 810 non
1868 748 2130 810 tulerant
2156 748 2540 829 superbiam?
2572 750 2630 810 Is

478 854 616 897 cum
659 836 889 897 restitui
940 836 999 897 in
1047 854 1298 914 regnum
1342 836 1455 896 nec
1504 835 1839 896 Veientium
1892 852 2006 895 nec
2051 834 2400 896 Latinorum
2450 835 2632 896 armis

363 943 366 947 ’
476 921 795 1000 potuisset,
841 920 1052 982 Cumas
1094 920 1418 982 contulisse
1460 939 1524 982 se
1566 920 1783 981 dicitur
1823 919 2004 997 inque
2049 937 2119 979 ea
2164 919 2314 981 urbe
2355 920 2524 981 senio
2572 932 2632 980 et

478 1005 850 1084 aegritudine
881 1024 1011 1067 esse
1041 1006 1370 1067 confectus.

375 1095 450 1152 18
548 1118 554 1124 ·
655 1090 783 1150 Hoc
812 1100 875 1151 tu
909 1090 1088 1169 igitur
1116 1109 1327 1152 censes
1356 1089 1609 1168 sapienti
1639 1087 1905 1149 accidere
1936 1106 2131 1167 posse,
2167 1097 2235 1149 ut
2264 1088 2633 1167 aegritudine
2681 1094 2738 1144 10

481 1175 867 1255 opprimatur,
915 1176 971 1236 id
1036 1184 1126 1236 est
1165 1171 1445 1236 miseria?
1494 1174 1642 1234 Nam
1688 1191 1820 1233 cum
1871 1173 2065 1234 omnis
2109 1172 2477 1253 perturbatio
2520 1174 2635 1235 mi-

480 1259 633 1321 seria
677 1269 786 1333 est,
831 1269 956 1321 tum
1002 1259 1340 1321 carnificina
1386 1267 1477 1321 est
1516 1258 1842 1337 aegritudo.
1867 1255 1875 1263 “
1902 1257 2093 1318 Habet
2133 1259 2404 1320 ardorem
2431 1258 2635 1332 libido,

479 1345 780 1406 levitatem
812 1344 1026 1405 laetitia
1057 1345 1336 1424 gestiens,
1367 1343 1752 1405 humilitatem
1781 1350 1995 1416 metus,
2038 1343 2142 1404 sed
2173 1342 2480 1422 aegritudo
2509 1361 2637 1404 ma-

479 1430 608 1490 iora
639 1430 953 1507 quaedam,
983 1429 1210 1503 tabem,
1241 1429 1588 1504 cruciatum,
1618 1427 2093 1501 adflictationem,
2133 1428 2500 1505 foeditatem3
2545 1428 2633 1489 la·

481 1523 660 1589 cerat,
700 1522 865 1574 exest
903 1514 1167 1575 animum
1210 1513 1509 1604 planeque
1554 1512 1811 1574 conficit.
1872 1512 2040 1573 Hanc
2085 1513 2198 1574 nisi
2229 1513 2498 1575 exuimus
2527 1514 2744 1586 sic,1.5

481 1608 549 1660 ut
577 1598 919 1672 abiciamus,
951 1599 1185 1660 miseria
1214 1616 1418 1659 carere
1450 1618 1572 1660 non
1602 1616 1937 1678 possumus
1986 1632 1991 1637 -
2491 1640 2496 1649 ·

379 1694 438 1746 28
651 1685 843 1761 Atque
884 1684 999 1744 hoc
1041 1683 1277 1769 quidem
1308 1684 1691 1763 perspicuum
1723 1691 1843 1755 est,
1892 1684 2016 1743 tum
2061 1680 2488 1761 aegritudinem
2534 1701 2642 1743 ex-

483 1848 613 1901 nach
650 1848 790 1900 einer
825 1850 947 1913 (von
982 1848 1073 1900 der
1113 1849 1512 1967 {ewiihnliehen
1611 1848 1706 1899 mit
1732 1848 1874 1900 einer
1898 1846 2224 1915 Priiposition
2252 1847 2335 1900 bei
2362 1847 2466 1900 Cic.
2499 1848 2645 1900 nieht

484 1915 908 1982 abweicbenden)
945 1915 1078 1982 Sage
1149 1932 1203 1969 er
1240 1917 1330 1968 der
1360 1916 1489 1969 Herr
1614 1916 1808 1978 selten‚
1861 1915 1966 1967 und
2028 1932 2167 1969 zwer
2216 1931 2297 1967 am
2350 1914 2646 1982 hanfigsten

483 1983 667 2036 sebast
676 1982 758 2035 fiir
779 1983 868 2035 ihu
898 1983 1168 2052 gekm‘ipft.
1239 1984 1360 2037 Sein
1386 1983 1514 2037 Bru-
1615 1984 1711 2035 mit
1753 1984 1844 2050 de,
1890 1999 1991 2049 pro
2046 1983 2149 2036 und
2200 1989 2408 2047 contra,
2460 1983 2647 2036 nachst

483 2052 576 2104 der
608 2050 830 2104 Perseus
866 2056 1060 2105 sturzte
1093 2053 1198 2104 ihu.
1618 2052 1795 2104 diesen
1842 2052 1939 2102 mit
1984 2067 2131 2114 cum,
2169 2068 2239 2103 ex
2291 2051 2394 2105 und
2438 2055 2516 2118 in,
2560 2067 2645 2104 am

554 2121 602 2172 3.
636 2122 991 2206 imperare—
1017 2115 1232 2171 liberis‘
1241 2121 1369 2173 iiber
1391 2121 1518 2173 sreie
1621 2119 1903 2172 seltensten
1955 2115 2051 2171 mit
2100 2136 2225 2185 per,
2277 2118 2374 2172 den
2396 2090 2648 2191 ubrigen

484 2185 799 2240 Menscben’.
860 2188 1183 2254 Auspielung
1219 2189 1308 2241 auf
1336 2189 1517 2241 Casars
1621 2187 1976 2253 zweisilbigen
2012 2187 2104 2239 ens
2137 2205 2171 2239 a
2219 2182 2404 2240 nebst
2424 2189 2651 2254 circum,

481 2255 704 2309 Streben
729 2255 861 2308 nach
885 2255 1347 2309 unumsehrankter
1370 2257 1519 2309 Herr-

485 2323 668 2376 schal‘t.
738 2321 855 2390 Vgl.
903 2324 1034 2377 auch
1067 2340 1131 2375 zu
1171 2326 1520 2389 9‚19:ira-

486 2397 589 2443 tus.

552 2460 867 2526 Dionysius,
887 2458 978 2511 der
991 2461 1230 2526 jungere,
1253 2459 1344 2512 der
1361 2459 1520 2512 durch

483 2526 751 2592 Timoleon
772 2528 873 2580 343
893 2543 939 2579 v.
955 2527 1068 2580 Chr.
1087 2532 1320 2594 gesturzt
1331 2526 1525 2580 wurde.·

487 2594 623 2647 Uber
671 2595 883 2661 quidem
927 2610 969 2647 e.
1010 2611 1077 2648 zu
1111 2594 1147 2647 1.
1194 2597 1289 2656 33,
1327 2598 1408 2648 80.
1457 2624 1524 2634 -

484 2661 738 2728 Ubrigens
771 2663 842 2714 ist
877 2663 967 2714 das
1003 2662 1145 2715 Ende
1170 2663 1260 2716 des
1296 2662 1530 2730 Kapitels

412 2751 434 2759 -
486 2745 591 2781 von
615 2730 725 2781 hier
758 2745 822 2781 an
857 2745 953 2781 nur
976 2731 1090 2782 eine
1105 2730 1172 2785 Di
1177 2731 1426 2796 gression,
1446 2730 1530 2783 die

486 2795 599 2847 sich
641 2812 706 2847 an
753 2798 899 2862 quod
934 2801 1201 2864 imperare
1223 2815 1333 2850 non
1371 2799 1532 2850 liceat

486 2863 803 2917 anscblietst.

559 2934 607 2984 4.
644 2947 813 2997 usque
849 2948 909 2983 eo
945 2960 1012 2970 -
1049 2948 1160 2983 non
1193 2925 1275 2984 ‘so
1312 2925 1527 3000 wenig';

489 2997 1127 3066 vgl.11.7‚17:quam
1162 3016 1273 3052 non
1306 3000 1410 3052 und
1464 3017 1529 3054 ιιι

488 3064 904 3130 11.5‚13:2·ta
947 3072 1042 3119 est.
1109 3066 1232 3121 Date
1279 3068 1389 3121 lrier
1436 3070 1520 3121 ein

488 3132 717 3199 Beispiel
735 3149 839 3186 von
860 3134 1228 3189 Herrschsucht
1247 3136 1521 3202 angesfihrt

489 3202 700 3254 werden
725 3202 895 3267 sollte,
932 3203 1056 3270 geht
1079 3205 1239 3256 sehon
1272 3220 1366 3257 ans
1401 3203 1518 3256 dem

488 3269 964 3391 zusammenhange
974 3272 1068 3324 mit
1091 3271 1206 3325 dem
1221 3271 1519 3339 Folgenden

526 3353 676 3390 ervor

561 3408 609 3458 5.
651 3405 949 3471 Tarquinio
985 3408 1118 3471 quid
1137 3408 1518 3472 impudentius.

491 3472 608 3539 Vgl.
633 3473 669 3525 l.
694 3476 742 3537 2,
779 3477 839 3527 5·
863 3475 1006 3525 nihil
1024 3477 1416 3526 mathematicis
1438 3477 1523 3525 in-

496 3541 736 3595 lustr-ius.
806 3541 906 3592 Zur
940 3540 1129 3594 Saehe·
1149 3542 1257 3593 Liv.
1290 3542 1347 3594 11.
1384 3545 1469 3596 21.

560 3610 610 3660 8.
645 3613 810 3673 inque
845 3625 922 3660 ea.
981 3607 1220 3675 Heufiger
1256 3609 1383 3661 wit-d
1423 3626 1524 3676 que

495 3690 559 3725 an
608 3674 700 3726 das
744 3691 848 3727 von
895 3675 985 3728 der
1033 3675 1181 3743 Prap.
1233 3676 1523 3743 abhiingige

494 3741 646 3793 Wort
678 3742 921 3810 gebfingt,
948 3743 1140 3808 jedoch
1175 3745 1244 3797 ist
1277 3746 1404 3797 auch
1440 3745 1523 3797 die

488 3809 855 3862 nnmittelbare
885 3809 1217 3880 Verbindung
1251 3813 1524 3870 desselben

1615 2259 1851 2323 praeter,
1881 2261 2099 2322 propter
2132 2254 2235 2307 und
2269 2259 2401 2308 sine.

1691 2326 1773 2376 11.
1808 2324 1971 2373 idest
1990 2348 2060 2369 ==
2083 2322 2173 2375 das
2203 2323 2316 2375 will
2350 2338 2525 2391 sagen.
2576 2321 2651 2375 So

1622 2390 1780 2443 Acad.
1815 2389 1850 2442 1.
1888 2394 1936 2456 2,
1962 2393 2019 2443 6:
2052 2395 2104 2442 si
2129 2392 2448 2457 Epicurum,
2471 2392 2653 2456 idest,

1621 2460 1672 2509 si
1702 2459 2069 2509 Democritum
2094 2461 2402 2524 probarem.
2463 2482 2466 2484 >

1692 2528 1983 2577 miseria—
2003 2527 2344 2589 carnificina.
2366 2527 2531 2581 Dutch
2550 2526 2658 2580 den

1627 2594 1893 2646 Ghiesmus
1916 2593 2046 2645 wird
2071 2593 2161 2646 der
2183 2593 2469 2662 Gegensatz
2487 2595 2660 2649 dieser

1627 2662 1814 2715 beiden
1861 2660 2135 2714 Priidikate
2184 2663 2290 2727 (die
2326 2663 2660 2732 Steigernng)

1627 2730 1762 2783 noch
1798 2728 1941 2782 mehr
1975 2729 2407 2814 hervorgehoben.

1701 2800 1779 2852 12.
1804 2791 2004 2849 Habet‘
2012 2797 2152 2850 ffihrt
2173 2800 2268 2851 mit
2289 2798 2416 2864 sich,
2434 2798 2504 2851 ist
2522 2805 2658 2852 stets

1629 2864 1927 2919 verbunden
1950 2866 2046 2918 mit
2080 2858 2180 2918 -'.
2239 2866 2311 2919 So
2339 2866 2404 2918 ad
2440 2867 2561 2920 fam.
2587 2867 2655 2920 V.

1633 2936 1713 2996 12,
1740 2937 1797 2987 5:
1820 2933 1948 2986 Viri
1968 2934 2276 2986 excellentis
2291 2951 2446 2987 casus
2459 2936 2661 2987 habent

1630 3002 2040 3054 admirationem
2042 3006 2534 3069 exspectationem,
2548 3004 2658 3055 lae-

1623 3072 1820 3134 titiam,
1845 3071 2159 3135 molestiam,
2192 3086 2354 3137 spem,
2391 3075 2656 3137 timorem,

1621 3137 1726 3189 und
1768 3138 1927 3201 litter,
1973 3153 2062 3190 zur
2102 3137 2465 3206 Bezeichnnng
2510 3139 2654 3192 eines

1622 3203 1914 3258 dauernden
1939 3205 2237 3259 Zustandes.
2299 3206 2658 3273 Vgl.1V.36.

1693 3343 1772 3395 15.
1806 3343 1910 3405 sie,
1955 3345 2033 3392 ut.
2085 3339 2436 3393 Unlateinisch
2471 3342 2542 3393 ist
2573 3343 2656 3393 sie

1620 3406 1745 3460 oder
1758 3411 1848 3459 ita
1878 3413 1944 3459 ut
1980 3424 2071 3460 ιιιι·
2093 3407 2296 3461 blossen
2331 3407 2654 3477 Einfi'ihrung

1623 3474 1715 3527 des
1752 3475 2096 3542 FolgesatzeS.
2681 3488 2694 3495 “

1695 3545 1775 3596 16.
1812 3545 2033 3595 miseria
2070 3560 2269 3596 earere.
2343 3542 2530 3610 Vgl.1.
2569 3547 2655 3611 36,

1625 3613 1708 3664 88.
1777 3610 1982 3663 Ebenso
2019 3617 2176 3664 auten
2206 3614 2285 3674 18,
2310 3614 2402 3663 40·
2439 3614 2492 3661 si
2511 3613 2654 3665 malo

1626 3683 1834 3739 ear-ean
1871 3678 1975 3731 und
2011 3683 2102 3734 41:
2139 3685 2217 3731 ut
2234 3679 2417 3731 dolore
2454 3687 2656 3732 eareat.

1695 3750 1742 3799 5.
1787 3718 1962 3812 Atque
1994 3776 2061 3786 —
2100 3749 2339 3814 quim,
2379 3745 2656 3827 Ubergang

1625 3828 1746 3866 vom
1789 3813 2144 3880 Aligemeinen
2188 3831 2304 3868 zum
2349 3813 2657 3881 Speciellen.
