2834 4317
431 152 557 212 140
1217 152 1403 207 LIBER
1439 152 1500 206 V.
1539 156 1621 219 25,
1644 157 1725 207 71.
1747 156 1828 207 72.

432 326 645 407 gaudio
678 326 1062 405 compleatur.
1135 326 1268 406 Ipsa
1301 327 1459 387 enim
1490 326 1768 406 cogitatio
1818 326 1890 386 de
1922 326 1976 386 vi
2008 334 2067 387 et
2099 335 2310 387 natura
2340 326 2596 389 deorum

433 411 692 474 studium
721 411 989 473 incendit
1018 412 1174 474 illius
1214 412 1619 473 aeternitatem
1653 410 1918 473 imitandi
1951 430 2148 490 neque
2193 431 2256 473 se
2298 412 2360 472 in
2393 413 2595 473 brevi-

434 505 553 559 tate
596 496 747 558 vitae
793 497 1159 558 conlocatam
1218 506 1417 577 putat,
1478 515 1612 557 cum
1658 515 1857 557 rerum
1904 514 2111 558 causas
2164 497 2301 559 alias
2346 517 2419 559 ex
2462 499 2594 560 aliis

435 591 598 661 aptas
642 590 702 642 et
747 582 1098 644 necessitate
1154 601 1336 643 nexas
1378 581 1563 657 videt,
1619 581 1835 660 quibus
1891 581 1962 642 ab
2022 591 2264 643 aeterno
2317 591 2596 661 tempore

332 676 390 728 71
433 666 756 728 fluentibus
800 667 861 728 in
893 675 1200 728 aeternum
1231 668 1377 729 ratio
1420 676 1619 728 tamen
1664 685 1954 745 mensque
1998 666 2358 729 moderatur.
2432 669 2598 730 Haec
2635 679 2668 730 5

435 753 532 813 ille
576 752 817 814 intuens
861 761 1038 831 atque
1095 753 1424 832 suspiciens
1467 752 1558 813 vel
1601 752 1801 831 potius
1859 752 2053 813 omnis
2111 752 2294 832 partis
2337 772 2597 833 orasque

437 837 922 915 circumspiciens
953 846 1171 915 quanta
1200 856 1409 900 rursus
1452 837 1635 898 animi
1664 837 2086 916 tranquillitate
2129 838 2386 900 humana
2415 848 2476 900 et
2504 840 2599 900 ci-

438 922 654 984 teriora
685 922 1049 983 considerat!
1081 922 1235 984 Hinc
1263 923 1359 983 illa
1390 922 1650 1002 cognitio
1683 922 1912 984 virtutis
1936 922 2178 997 exsistit,
2210 924 2600 986 efflorescunt

440 1025 659 1086 genera
688 1016 1006 1086 partesque
1045 1007 1344 1084 virtutum,
1374 1007 1674 1069 invenitur
1698 1007 1838 1087 quid
1869 1007 1965 1082 sit,
1997 1008 2156 1088 quod
2181 1017 2391 1070 natura
2419 1029 2600 1090 spec-

441 1101 545 1165 tet,
578 1101 906 1153 extremum
937 1093 998 1153 in
1030 1092 1236 1167 bonis,
1280 1093 1423 1173 quid
1452 1093 1514 1154 in
1560 1092 1727 1153 malis
1773 1091 2073 1168 ultimum,
2117 1112 2237 1172 quo
2281 1095 2602 1156 referenda
2638 1101 2691 1155 1⁰

440 1177 562 1239 sint
604 1178 814 1253 officia,
867 1197 1017 1257 quae
1070 1178 1372 1258 degendae
1415 1178 1621 1239 aetatis
1666 1178 1814 1238 ratio
1860 1177 2171 1257 diligenda.
2262 1179 2492 1250 Quibus
2539 1190 2603 1242 et

440 1262 653 1326 talibus
683 1262 863 1326 rebus
894 1263 1196 1343 exquisitis
1227 1266 1340 1325 hoc
1382 1264 1474 1324 vel
1506 1263 1756 1324 maxime
1800 1263 2086 1338 efficitur,
2132 1264 2293 1343 quod
2335 1267 2447 1327 hac
2476 1265 2602 1326 dis-

440 1349 747 1428 putatione
777 1349 1035 1427 agimus,
1079 1358 1142 1410 ut
1181 1349 1367 1411 virtus
1398 1349 1470 1410 ad
1501 1348 1670 1409 beate
1710 1348 2018 1410 vivendum
2066 1349 2142 1410 sit
2184 1369 2247 1411 se
2289 1350 2416 1429 ipsa
2447 1370 2602 1412 con-

338 1442 396 1494 72
436 1441 618 1495 tenta.
688 1434 966 1514 Sequitur
1003 1435 1205 1506 tertia,
1247 1453 1396 1514 quae
1428 1452 1537 1514 per
1567 1433 1760 1494 omnis
1802 1434 1987 1514 partis
2028 1434 2351 1513 sapientiae
2396 1446 2603 1497 manat

443 1528 503 1579 et
530 1519 825 1592 funditur,
859 1538 1008 1597 quae
1038 1539 1164 1580 rem
1195 1519 1431 1595 definit,
1462 1536 1681 1597 genera
1712 1518 2012 1597 dispertit,
2045 1521 2353 1598 sequentia
2383 1523 2599 1583 adiun-
2640 1529 2694 1581 15

442 1604 543 1683 git,
574 1605 837 1683 perfecta
867 1604 1199 1678 concludit,
1232 1624 1367 1666 vera
1397 1614 1459 1665 et
1484 1605 1628 1666 falsa
1658 1604 1967 1676 diiudicat,
2000 1604 2325 1667 disserendi
2357 1607 2503 1667 ratio
2538 1617 2603 1668 et

442 1689 704 1750 scientia.
777 1689 866 1751 Ex
896 1708 1012 1769 qua
1043 1709 1179 1751 cum
1206 1708 1435 1752 summa
1474 1690 1696 1750 utilitas
1738 1688 1964 1751 exsistit
2002 1690 2073 1751 ad
2118 1709 2214 1751 res
2255 1692 2603 1769 ponderan-

378 1799 385 1806 ·
445 1774 579 1847 daS,
634 1783 761 1835 tum
805 1775 1054 1835 maxime
1098 1775 1361 1854 ingenua
1406 1775 1713 1837 delectatio
1760 1782 1819 1834 et
1862 1774 2040 1853 digna
2084 1775 2389 1855 sapientia.
2478 1777 2601 1837 Sed

446 1859 592 1919 haec
623 1858 752 1919 otii.
806 1858 1093 1920 Transeat
1122 1860 1276 1921 idem
1307 1861 1416 1921 iste
1448 1861 1685 1939 sapiens
1714 1860 1786 1920 ad
1815 1878 1945 1920 rem
1970 1859 2268 1939 publicam
2298 1863 2603 1923 tuendam.

448 1943 603 2013 Quid
635 1962 703 2004 eo
735 1943 923 2025 possit
952 1962 1079 2005 esse
1108 1946 1504 2023 praestantius
1524 1991 1539 2020 ,
1585 1963 1723 2005 cum
1753 1941 2095 2027 [contineri]
2137 1947 2451 2025 prudentia
2481 1948 2602 2008 uti·
2642 1956 2693 2007 2⁰

525 2062 571 2113 1.
609 2060 953 2126 compleatur.
1017 2059 1114 2113 Der
1150 2060 1473 2126 Konjunktiv
1575 2060 1816 2113 Tendenz
1865 2059 1955 2112 der
2001 2061 2186 2125 Natur,
2239 2062 2316 2114 als
2369 2064 2463 2115 auf
2504 2064 2599 2118 das

449 2127 751 2180 bezeichnet
786 2127 885 2179 den
920 2127 1085 2180 Inhalt
1120 2129 1210 2181 des
1243 2128 1471 2182 Relativ-
1574 2128 1792 2182 hochste
1829 2127 1944 2192 Gut‚
1982 2130 2231 2195 gerichtet
2264 2122 2365 2183 ist'.

449 2200 616 2248 satzes
653 2197 730 2248 als
766 2195 941 2261 Folge.
1644 2199 1723 2250 10.
1761 2197 1894 2262 quid
1928 2200 1986 2247 in
2008 2197 2167 2249 malis
2188 2198 2453 2266 ultimum,
2489 2215 2599 2268 erg.

519 2266 565 2316 2.
600 2265 765 2328 illius,
803 2264 953 2317 niiml.
989 2267 1196 2316 mentis.
1571 2268 1659 2315 sit.

515 2336 576 2383 in
620 2336 879 2384 brevitate
912 2361 979 2371 —
1016 2333 1153 2385 conl.
1197 2328 1316 2384 ‘aut'
1358 2333 1470 2385 dies
1641 2348 1745 2398 quo
1789 2330 2075 2392 referenda
2129 2337 2225 2384 cet.
2262 2324 2279 2348 ‘
2298 2334 2426 2386 nach
2471 2337 2600 2388 wel-

448 2400 606 2452 kurze
629 2401 800 2453 Leben
826 2395 1178 2461 beschrankt'3
1203 2402 1310 2466 vgl.
1334 2417 1397 2453 zu
1417 2404 1469 2465 3,
1573 2401 1718 2470 chem
1756 2399 1957 2465 Prinzip
1996 2399 2078 2452 die
2115 2399 2369 2453 Pflichten
2408 2420 2472 2455 zu
2507 2404 2601 2457 be-

450 2471 505 2521 9:
549 2474 843 2521 novitatem
877 2473 1123 2521 nominis.
1194 2468 1295 2522 Das
1332 2469 1468 2522 Part.
1571 2469 1810 2519 stimmen
1847 2461 2001 2530 sind';
2039 2468 2144 2535 vgl.
2174 2471 2254 2532 16,
2273 2472 2367 2532 483
2394 2473 2476 2534 28,
2499 2474 2559 2526 81
2579 2493 2596 2536 ;

449 2538 781 2590 conlocatam
824 2538 894 2589 ist
940 2537 1031 2589 auf
1070 2540 1330 2601 cogitatio
1378 2538 1470 2590 be·
1573 2537 1802 2600 37,108.

449 2620 638 2671 zogen,
686 2606 804 2656 weil
853 2606 994 2657 nicht
1029 2606 1195 2657 selten
1240 2621 1342 2658 von
1379 2606 1471 2657 der
1643 2604 2597 2670 11.dtligenda‚s.z.1.20,45:dilecti.

450 2673 701 2739 geistigen
735 2673 1068 2740 Eigenschaft
1103 2673 1226 2724 oder
1258 2673 1471 2739 Thatig-
1643 2675 1722 2725 12.
1759 2675 2045 2737 coequisitis
2066 2698 2135 2718 =
2159 2674 2472 2739 eaeploratis.

449 2741 559 2793 keit
582 2741 846 2807 dasjenige
878 2741 1152 2807 pradiziert
1179 2741 1322 2808 wil-d,
1359 2757 1468 2793 was
1643 2743 1722 2793 14.
1756 2745 1945 2791 manat
1976 2745 2030 2790 et
2069 2739 2342 2805 funditur,
2383 2744 2489 2810 vgl.
2533 2760 2597 2796 zu

449 2824 554 2860 von
597 2810 686 2860 der
721 2809 914 2861 Person
957 2809 1122 2861 selbst
1168 2809 1280 2873 gilt.
1351 2808 1469 2875 Vgl.
1570 2807 1653 2859 IV.
1683 2811 1727 2870 1,
1754 2811 1810 2861 2:
1845 2811 2051 2872 flueret.

450 2875 533 2927 lv,
572 2878 653 2939 24,
693 2880 781 2929 54:
824 2880 929 2926 ista
965 2877 1220 2927 bellatrix
1251 2879 1472 2928 iracun-
1644 2878 1723 2928 16.
1751 2876 1998 2942 perfecta
2035 2877 2330 2930 concludit:
2358 2871 2475 2932 ‘das
2508 2878 2597 2930 Er-

452 2944 562 3007 dia,
599 2959 719 2994 cum
752 2945 966 2995 domum
999 2945 1167 2995 rediit
1199 2949 1297 2996 cet.
1574 2944 1755 3009 gebnis
1808 2945 1863 2996 in
1907 2945 2048 2997 einer
2090 2944 2431 2999 Schlutsform
2485 2948 2597 2999 dar-

519 3014 568 3064 4.
588 3014 780 3076 quibus
807 3012 931 3076 geht
947 3012 1039 3063 auf
1062 3027 1268 3073 rerum3
1302 3015 1473 3075 fluere
1573 3008 1722 3064 thut'.

443 3071 579 3132 ‘sich
614 3080 685 3131 im
720 3079 878 3143 Plura,
915 3078 962 3132 d.
997 3081 1043 3131 h.
1079 3080 1132 3131 in
1169 3085 1328 3133 steter
1347 3080 1471 3133 Ver·
1642 3081 1939 3132 disserendi
1964 3084 2109 3132 ratio
2141 3085 2194 3130 et
2221 3084 2470 3134 scientia:
2494 3078 2595 3134 ‘die

452 3149 713 3214 anderung
749 3139 1018 3200 befinden'.
1577 3147 1954 3200 Wissenscliaft
1977 3148 2066 3200 der
2090 3148 2462 3202 dialektischen
2488 3149 2594 3203 Me-

521 3220 566 3269 6.
602 3218 896 3282 suspiciens
939 3217 1033 3268 mit
1066 3213 1350 3270 Rficksicht
1384 3218 1477 3269 auf
1576 3208 1765 3268 thode'.
1839 3216 1950 3282 Vgl.
1989 3216 2055 3269 de
2090 3225 2218 3269 orat.
2252 3217 2310 3271 11.
2348 3220 2430 3282 38,
2468 3222 2565 3272 157
2581 3237 2594 3270 z

450 3286 533 3339 <lie
565 3286 762 3349 sidera,
800 3286 830 3350 ξ
868 3286 950 3337 69.
1576 3288 1747 3335 artem
1778 3301 1833 3334 se
1870 3286 2086 3336 tradere
2129 3288 2258 3335 bene
2301 3286 2597 3339 disserendi

521 3359 568 3406 7.
601 3370 808 3419 rursus,
844 3369 886 3405 S.
922 3354 956 3407 1.
999 3351 1077 3419 17,
1101 3356 1184 3406 40.
1576 3356 1628 3401 et
1649 3368 1777 3403 vera
1802 3367 1866 3404 ac
1888 3352 2032 3414 falsa
2052 3354 2409 3436 diiudicandi,
2436 3372 2596 3421 quam

519 3425 772 3474 citeriora
814 3445 882 3465 =
926 3426 1218 3474 terrestria.
1293 3422 1362 3475 So
1407 3422 1472 3474 de
1574 3422 1732 3472 verbo
1773 3419 1973 3474 Graeco
2011 3416 2460 3488 διαλεκτικην
2503 3440 2597 3490 ap-

449 3490 550 3556 leg.
574 3490 653 3543 111.
679 3493 725 3555 2,
752 3493 806 3542 4:
843 3496 908 3540 ut
939 3491 1010 3541 ad
1046 3491 1174 3541 llaec
1211 3493 1471 3541 citeriora
1568 3488 1815 3555 polloret.

449 3560 678 3623 veniam.
1647 3559 1727 3609 18.
1750 3557 1917 3621 digna
1949 3559 2217 3623 sapientia
2236 3580 2303 3599 =
2322 3558 2492 3623 digna
2513 3575 2598 3610 sa-

521 3627 568 3677 8.
605 3624 973 3687 efflorescunt:
1020 3629 1186 3678 treten
1222 3624 1475 3691 glanzend
1570 3626 1768 3689 pientc.

453 3693 656 3746 hervor.
1651 3696 1728 3745 19.
1773 3691 2038 3743 Transeat
2071 3698 2171 3748 cet.
2208 3692 2326 3745 Dies
2363 3693 2429 3744 ist
2464 3696 2598 3747 auch

522 3763 568 3813 9.
584 3775 788 3825 genera
800 3765 1107 3825 partesque,
1127 3773 1168 3811 S.
1187 3760 1263 3812 111.
1290 3762 1366 3823 11,
1381 3762 1464 3813 24.
1577 3761 1807 3812 stoische
1830 3759 2063 3823 Ansicht,
2098 3760 2169 3811 im
2194 3760 2480 3827 Gegensatz
2507 3778 2599 3815 zur

522 3827 667 3893 quod
707 3855 774 3863 —
821 3828 881 3876 in
926 3830 1077 3879 bonis
1114 3818 1131 3841 ‘
1151 3827 1351 3879 worauf
1390 3827 1474 3879 die
1577 3826 1993 3894 Epikureischen.
