2834 4317
162 1085 218 1135 10

162 1505 220 1554 15

1015 185 1020 192 .
1052 138 1243 191 ιιΒιιιι
1274 139 1333 193 ιι.
1371 142 1418 206 1,
1455 142 1506 195 3.
1539 141 1592 192 4.

2276 139 2397 198 109

253 307 425 370 modo
455 308 594 387 quia
626 328 872 372 necesse
905 319 993 373 est
1021 311 1194 387 mori,
1234 329 1440 372 verum
1483 311 1657 372 etiam
1688 309 1825 390 quia
1857 309 2006 372 nihil
2034 310 2212 373 habet
2239 330 2403 375 mors

192 473 197 480 ν
254 393 412 474 quod
439 394 515 455 sit
541 394 929 471 horrendum,
975 404 1230 458 mortem
1260 416 1383 457 non
1414 397 1603 471 timet,
1650 413 1929 475 magnum
1959 395 2008 458 is
2038 396 2150 458 sibi
2179 398 2403 478 praesi-

255 479 410 540 dium
443 480 512 541 ad
544 478 775 541 beatam
808 482 979 544 vitam
1025 490 1345 563 comparat.
1408 482 1780 561 Quamquam
1822 499 1944 542 non
1975 500 2181 544 sumus
2212 483 2403 561 ignari
2447 495 2477 544 3

255 565 468 627 multos
506 565 768 628 studiose
819 576 1031 629 contra
1077 586 1206 629 esse
1246 567 1540 641 dicturos,
1586 566 1746 646 quod
1789 566 1971 627 vitare
2017 568 2181 629 nullo
2228 569 2404 630 modo

254 651 574 731 potuimus,
621 651 734 713 nisi
781 652 928 715 nihil
967 653 1214 714 omnino
1256 653 1674 715 scriberemus.
1732 651 1972 712 Etenim
2003 652 2053 714 si
2086 654 2405 729 orationeS‚

258 754 401 815 quas
433 755 545 800 nos
576 737 970 800 multitudinis
999 738 1216 800 iudicio
1241 738 1486 818 probari
1507 736 1852 799 volebamus
1873 771 1959 780 --
1981 738 2287 818 popularis
2318 748 2404 801 est

257 821 413 882 enim
446 809 542 882 illa
574 822 818 886 facultas
841 836 901 885 et
929 824 1176 886 effectus
1199 823 1576 904 eloquentiae
1598 831 1689 885 est
1714 821 2080 884 audientium
2112 824 2406 905 approba-

258 907 338 967 tio
372 941 472 980 —,
516 908 618 968 sed
659 908 709 969 si
747 909 1203 989 reperiebantur
1243 928 1368 971 non
1415 908 1563 970 nulli
1596 908 1698 988 qui
1743 907 1890 969 nihil
1920 908 2247 985 laudarent,
2293 909 2408 971 nisi

261 991 414 1071 quod
447 1010 511 1053 se
542 992 756 1054 imitari
785 1013 961 1074 posse
1003 994 1397 1068 confiderent,
1445 1012 1741 1078 quemque
1772 994 2050 1073 sperandi
2081 994 2215 1069 sibi,
2260 1014 2410 1057 eun-

257 1078 388 1138 dem
416 1076 572 1138 bene
602 1078 837 1140 dicendi
868 1081 1048 1142 finem
1082 1090 1494 1177 proponerent
1523 1087 1601 1153 et,
1642 1097 1778 1140 cum
1810 1079 2211 1141 obruerentur
2240 1079 2412 1159 copia

260 1163 687 1225 sententiarum
730 1172 907 1244 atque
952 1164 1298 1263 verborum,
1343 1164 1714 1226 ieiunitatem
1759 1171 1821 1224 et
1861 1164 2079 1225 famem
2123 1182 2187 1226 se
2239 1164 2412 1226 malle

260 1265 437 1328 quam
466 1248 797 1311 ubertatem
838 1259 896 1311 et
935 1251 1169 1332 copiam
1213 1251 1500 1324 dicerent,
1546 1248 1707 1310 unde
1750 1255 1877 1310 erat
1921 1258 2194 1313 exortum
2224 1268 2414 1328 genus

261 1333 592 1395 Atticorum
636 1334 707 1396 iis
748 1335 909 1415 ipsis,
955 1336 1144 1415 quiid
1180 1335 1349 1415 sequi
1378 1354 1443 1397 se
1474 1334 1927 1413 profitebantur,
1974 1334 2264 1413 ignotum,
2312 1335 2413 1413 qui

263 1420 375 1480 iam
408 1419 828 1482 conticuerunt
869 1439 1059 1501 paene
1091 1420 1165 1481 ab
1196 1421 1325 1502 ipso
1358 1421 1492 1481 foro
1522 1419 1721 1481 inrisi:
1770 1419 1909 1499 quid
1940 1419 2211 1481 futurum
2243 1428 2415 1498 puta-
2459 1430 2489 1478 4

261 1523 411 1579 muS,
457 1523 596 1566 cum
639 1504 908 1568 adiutore
939 1506 1185 1587 populo,
1234 1525 1352 1585 quo
1395 1504 1708 1566 utebamur
1738 1512 1930 1577 antea,
1977 1523 2141 1566 nunc
2171 1505 2415 1566 minime

261 1608 373 1651 nos
403 1590 491 1650 uti
519 1608 697 1671 posse
741 1589 1087 1653 videamur?
1146 1590 1255 1654 Est
1295 1591 1458 1652 enim
1488 1589 1862 1671 philosophia
1901 1590 2108 1670 paucis
2138 1598 2418 1651 contenta
2528 1647 2537 1653 .

261 1674 574 1749 iudicibus,
622 1677 1058 1739 multitudinem
1106 1677 1381 1739 consulto
1427 1677 1557 1757 ipsa
1600 1676 1836 1755 fugiens
1866 1676 2040 1754 eique
2070 1675 2184 1755 ipsi
2228 1684 2289 1737 et
2317 1694 2418 1737 su-

262 1770 465 1841 specta
506 1770 566 1822 et
606 1761 816 1835 invisa,
860 1770 929 1823 ut
968 1762 1060 1824 vel
1101 1762 1152 1825 si
1192 1762 1326 1842 quis
1369 1763 1709 1824 universam
1751 1760 1890 1822 velit
1926 1760 2278 1841 vituperare,
2325 1779 2419 1823 se-

249 1883 397 1964 ⁸liche
433 1910 737 1978 Bedeutung
773 1912 856 1964 bei
892 1911 994 1965 und
1033 1912 1159 1964 wird
1197 1928 1291 1965 nur

266 1981 538 2038 scheinhar
581 1984 710 2033 stett
753 1982 821 2031 ab
871 1981 974 2033 und
1018 1980 1133 2033 dem
1170 1981 1290 2034 Abl.

265 2051 361 2100 mit
393 2048 510 2101 dem
545 2047 691 2101 Pess.
729 2048 1044 2101 verbunden.
1093 2049 1208 2116 Vgl.
1232 2048 1291 2101 11.

267 2119 317 2180 4,
357 2119 445 2171 10:
480 2119 636 2168 nobie
669 2120 979 2182 instituta&
1012 2117 1077 2172 V.
1096 2120 1179 2184 24,
1200 2120 1290 2172 68:

269 2186 529 2238 Sumatur
578 2213 628 2225 --
663 2187 840 2247 nobi-53
876 2184 914 2238 1.
952 2188 1034 2251 13,
1070 2188 1162 2239 29:
1209 2203 1296 2237 re-

261 2257 563 2320 perientur.

338 2325 389 2375 3.
433 2327 730 2388 comparat.
821 2320 924 2373 Das
983 2320 1126 2373 Priis.
1183 2321 1296 2374 hez.

270 2390 355 2443 die
391 2389 837 2456 Gleichzeitigkeit
887 2390 983 2441 mit
1027 2389 1142 2442 dem
1187 2405 1298 2441 non

270 2462 447 2510 timet.-
490 2473 551 2510 so
594 2458 749 2526 lange
790 2473 846 2511 er
878 2457 1022 2510 nicht
1057 2458 1298 2510 ffirchtet.

339 2531 388 2581 4.
408 2531 597 2578 contra
615 2555 684 2566 -
703 2527 959 2591 dicturos,
993 2541 1034 2579 s.
1053 2542 1117 2578 zu
1135 2526 1171 2579 1.
1186 2529 1236 2589 4,
1250 2528 1298 2580 8.

340 2599 388 2648 5.
424 2598 474 2646 si
517 2599 816 2658 orationes,
862 2599 1130 2661 quasscet.
1199 2593 1299 2646 Der

272 2663 506 2715 einfache
540 2661 784 2715 Gedanke
817 2664 907 2715 ist.
942 2665 993 2714 εἰ
1026 2665 1301 2714 orationes

272 2732 639 2783 multitudinis
655 2731 753 2783 illa
766 2731 996 2798 widona,
1008 2734 1105 2784 sed
1120 2736 1301 2783 tamen

272 2816 382 2852 non
419 2804 656 2852 omnium
689 2802 894 2853 iudicio
908 2803 1302 2867 probabantur,

271 2873 323 2920 si
357 2869 572 2935 quidem
594 2870 1000 2934 reperiebantur
1023 2875 1123 2922 cet.
1163 2868 1302 2920 Uber

272 2938 369 2988 ssd
400 2940 449 2987 ei
482 2937 588 3003 vgl.
624 2937 752 2989 z.11.
793 2939 873 3002 14,
899 2938 982 2989 32.

343 3008 393 3059 9.
429 3007 640 3055 imitari
673 3007 865 3058 ebenso
902 3006 1133 3057 macheu.

344 3089 603 3140 quemque
630 3074 888 3141 sperandi
908 3076 1014 3125 sibi
1035 3078 1161 3126 ceta
1197 3072 1303 3124 und

275 3158 371 3195 nur
398 3140 665 3209 dasjenige
688 3143 766 3194 als
791 3141 1033 3195 hdchstes
1059 3141 1164 3194 Ziel
1193 3141 1303 3194 sich

274 3209 542 3275 stechen,
612 3210 839 3263 welches
909 3210 1167 3263 erreichen
1240 3225 1304 3262 zu

272 3278 483 3335 konnen
530 3278 608 3330 sie
651 3277 1048 3331 zuversichtlich
1090 3276 1303 3331 hofften.

275 3346 395 3413 Vgl.
431 3345 514 3398 Or.
542 3350 592 3413 7,
617 3349 707 3400 24:
744 3346 906 3399 Nunc
930 3351 1137 3399 tantum
1162 3350 1292 3413 quis·

271 3431 380 3482 que
439 3415 658 3478 laudat,
722 3420 982 3482 quantum
1038 3432 1097 3466 se
1148 3431 1304 3481 poue

270 3501 301 3534 s
340 3489 459 3535 erat
502 3486 728 3539 imitari.
797 3483 866 3535 Es
911 3485 980 3536 ist
1015 3484 1130 3536 eine
1167 3483 1301 3535 feine

348 3551 585 3620 endung,
657 3550 904 3605 wodnrch
963 3552 1139 3604 Cicero
1209 3552 1307 3603 den

276 3618 514 3686 Gegnern
553 3622 653 3672 den
671 3620 877 3686 Mengel
903 3621 1045 3672 eines
1063 3619 1308 3673 Talentes

276 3687 493 3809 geiletgt,
521 3689 749 3743 welches
775 3703 829 3740 er
852 3689 903 3740 in
931 3688 1117 3742 hohem
1141 3687 1307 3741 Grade

317 3770 402 3807 esa
429 3772 453 3807 s

354 3822 662 3888 11.famem‚
682 3824 735 3877 iu
755 3823 921 3878 dieser
930 3824 1305 3891 fibertragenen

1390 3003 1597 3055 Brutus
1621 3019 1664 3055 c.
1691 3005 1782 3064 82,
1809 3001 1991 3056 Orator
2015 3017 2060 3056 c.
2081 3005 2180 3054 711.
2202 3003 2294 3063 233

1393 1910 1700 1977 Bedeutung
1722 1910 2071 1977 (Durftigkeit,
2093 1910 2294 1974 Armut)
2316 1926 2419 1962 von

1394 1979 1572 2032 Cicero
1616 1995 1712 2033 nur
1764 1980 1874 2032 hier
1914 1979 2221 2045 gebraucht3
2238 2019 2245 2025 .
2265 1979 2423 2031 malls

1395 2063 1438 2101 s.
1475 2063 1539 2099 zu
1573 2048 1609 2100 l.
1646 2050 1730 2113 42,
1754 2049 1837 2101 99.

1386 2160 1392 2168 .
1467 2119 1549 2171 12.
1585 2116 1728 2168 unde
1772 2131 1866 2168 aus
1917 2115 2141 2168 welcher
2183 2114 2424 2178 Deukart,

1395 2184 1952 2249 Anscheuungsweise.

1399 2249 2207 2382 ,cffimfflffitff‘xufflffi
2233 2255 2427 2372 22⁰5&

1398 2391 1560 2441 Arten
1586 2387 1674 2439 der
1694 2386 2107 2441 Beredsamkeit.
2146 2386 2229 2437 die
2254 2387 2427 2438 asiati-

1400 2457 1551 2523 sche,
1596 2456 1868 2524 pompheft
1911 2456 1965 2507 in
2000 2453 2280 2507 Gedenken
2323 2453 2427 2506 und

1398 2525 1639 2577 Worten·
1677 2523 1760 2576 die
1795 2523 2043 2586 attische,
2086 2522 2290 2574 einfach
2323 2520 2430 2574 und

1401 2591 1725 2659 verstandig;
1772 2591 1854 2645 die
1899 2590 2196 2655 rhodische‚
2242 2590 2296 2641 in
2340 2589 2430 2641 der

1400 2661 1550 2714 Mitte
1584 2660 1817 2713 stehend.
1866 2660 1980 2712 Nun
2006 2659 2107 2725 gab
2131 2674 2188 2711 es
2223 2659 2277 2710 iu
2298 2656 2431 2710 Rom

1401 2735 1553 2783 unter
1580 2728 1784 2781 Ciceros
1813 2727 2035 2781 Tedlern
2059 2727 2273 2779 manche
2296 2725 2434 2780 Red-

1404 2813 1522 2864 ner,
1568 2797 1767 2851 welche
1814 2798 2003 2851 attisch
2046 2797 2157 2849 sein
2199 2795 2433 2860 wollten,

1403 2868 1529 2919 aber
1553 2880 1649 2918 nur
1672 2865 1937 2929 melitem,
1976 2864 2117 2918 schal
2144 2865 2248 2917 und
2272 2863 2433 2916 kreft-

1404 2934 1485 2987 los
1541 2950 1728 2989 waren.
1801 2933 1961 2987 Mehr
1994 2932 2215 2987 darfiber
2267 2948 2310 2985 s.
2362 2933 2434 3052 ing

2329 3017 2397 3053 un

1405 3072 1471 3123 de
1508 3076 1614 3138 opt.
1651 3086 1766 3137 gen.
1802 3077 1933 3125 orat.

1480 3143 1559 3193 13.
1586 3142 1682 3206 qui
1703 3143 1815 3192 iam
1841 3138 2038 3192 welche
2071 3138 2222 3189 eber
2256 3137 2434 3190 sehon.

1404 3207 1480 3260 lm
1504 3207 1612 3259 Lat.
1638 3207 1755 3261 darf
1786 3214 1980 3272 tamen,
2002 3207 2086 3258 nie
2110 3206 2233 3258 aber
2256 3210 2435 3256 autem

1406 3276 1491 3329 od.
1525 3292 1652 3327 vero
1700 3292 1764 3329 zu
1809 3274 1924 3328 dem
1970 3275 2223 3328 adversat.
2270 3272 2436 3326 Relat.

1405 3345 1745 3398 hinzutreten.

1481 3416 1561 3465 14.
1584 3409 1731 3476 foro,
1754 3412 1859 3479 vgl.
1883 3411 2167 3474 1.44,106:
2192 3411 2435 3462 theatris.

1412 3448 2156 3630 wossssfffiffl'ssssffi'ff
2175 3493 2283 3530 *³⁸
2309 3479 2435 3531 Μ

1484 3622 1564 3673 17.
1582 3621 1718 3683 ipsa,
1744 3618 1791 3669 d.
1814 3617 1862 3670 h.
1888 3617 2049 3668 ihrem
2068 3614 2260 3667 Wesen
2282 3616 2436 3673 nach;

1409 3692 1657 3752 suspecta
1702 3693 1755 3738 et
1786 3688 1992 3746 invisa,
2044 3682 2151 3749 vgl.
2186 3682 2264 3736 111.
2304 3686 2436 3748 1,1.

1484 3757 1562 3808 18.
1574 3755 1881 3805 universam
1899 3753 1975 3804 sie
1993 3752 2043 3802 in
2064 3752 2227 3803 ihrem
2240 3766 2437 3817 genzen

1410 3821 1679 3889 Umsange,
1715 3823 1765 3875 d.
1790 3821 1841 3875 h.
1876 3820 2179 3885 uberhaupt,
2218 3820 2316 3870 wie
2352 3820 2436 3883 §2
