2834 4317
973 181 1163 234 LlssnR
1196 183 1252 238 11.
1289 189 1340 250 4,
1379 187 1461 239 12.
1500 188 1547 238 5.
1587 186 1667 239 13.
2271 185 2391 243 115

239 355 490 417 barbare
521 355 802 434 loquatur
830 365 930 416 aut
959 356 1009 417 si
1039 355 1292 418 absurde
1324 366 1501 418 canat
1530 356 1600 432 is,
1643 357 1743 436 qui
1767 376 1831 419 se
1861 356 2067 418 haberi
2095 356 2234 417 velit
2263 376 2396 418 mu-

239 442 449 514 sicum,
488 441 602 501 hoc
633 440 871 520 turpior
910 442 1002 516 sit,
1049 441 1208 519 quod
1239 442 1303 503 in
1348 461 1418 503 eo
1452 443 1582 522 ipso
1614 451 1838 522 peccet,
1884 442 2053 504 cuius
2081 443 2398 521 profitetur

240 527 566 600 scientiam,
612 525 697 586 sic
727 526 1118 606 philosophus
1163 527 1223 588 in
1256 528 1407 588 vitae
1449 527 1680 588 ratione
1724 546 1980 607 peccans
2019 529 2134 588 hoc
2165 528 2398 608 turpior

240 621 349 687 est,
398 612 555 691 quod
598 611 659 671 in
707 612 923 687 officio,
970 612 1138 673 cuius
1181 612 1464 691 magister
1493 632 1621 675 essc
1650 613 1787 688 volt,
1832 612 2052 674 labitur
2088 624 2396 692 artemque

162 709 195 757 5
237 696 389 758 vitae
421 697 726 777 professus
755 696 1049 775 delinquit
1079 697 1139 757 in
1171 697 1307 759 vita.

415 783 479 843 A.
504 782 721 842 Nonne
743 782 1069 843 verendum
1102 791 1191 843 est
1220 783 1422 861 igitur,
1452 782 1502 843 si
1527 790 1616 843 est
1642 783 1744 855 ita,
1775 791 1842 844 ut
1876 782 2039 858 dicis,
2071 803 2148 844 ne
2200 783 2394 863 philo·
2419 794 2468 847 ι5

239 867 508 948 sophiam
553 866 696 927 falsa
738 867 927 946 gloria
958 865 1259 929 exornes?
1320 868 1491 939 Quod
1534 875 1624 929 est
1653 869 1811 929 enim
1859 869 2045 930 maius
2076 886 2396 948 argumen-

241 960 366 1013 tum
414 951 560 1014 nihil
602 970 744 1044 Q
775 953 1076 1033 prodesse,
1123 971 1300 1032 quam
1347 953 1634 1032 quosdam
1676 955 1975 1033 perfectos
2012 954 2399 1033 philosophos

241 1038 503 1118 turpiter
528 1035 766 1098 vivore?
797 1037 880 1097 M.
906 1037 1143 1098 Nullum
1168 1057 1308 1099 vero
1330 1038 1390 1099 id
1413 1038 1651 1118 quidem
1677 1048 2092 1118 argumentum
2118 1048 2223 1101 est.
2253 1039 2403 1100 Nam
2445 1053 2502 1102 13

138 1132 198 1181 10
240 1124 443 1203 utagri
460 1142 579 1184 non
602 1141 810 1183 omnes
820 1123 1088 1202 frugiferi
1099 1131 1257 1200 sunt,
1270 1123 1681 1203 quicoluntur,
1705 1124 2039 1203 falsumque
2061 1124 2204 1186 illud
2223 1125 2396 1185 Acci:

554 1206 779 1270 Probae
809 1209 918 1269 etsi
943 1212 1008 1269 in
1036 1217 1272 1288 segetem
1303 1211 1441 1270 sitm
1471 1209 1811 1271 deteriorem
1843 1210 2011 1271 datae

549 1291 788 1373 Fruges,
820 1304 1011 1355 tamen
1041 1297 1197 1374 ipscw
1226 1297 1430 1382 suapte
1456 1302 1675 1356 natura
1706 1295 1938 1367 enitent,

243 1376 329 1438 sic
358 1377 540 1438 animi
581 1397 705 1440 non
740 1398 948 1440 omnes
978 1380 1120 1439 culti
1165 1380 1426 1440 fructum
1457 1380 1680 1439 ferunt.
1740 1380 1954 1458 Atque,
1998 1389 2066 1439 ut
2095 1379 2156 1440 in
2189 1379 2399 1440 eodem

242 1462 419 1523 simili
449 1481 689 1551 verser,
748 1472 815 1525 ut
857 1481 1003 1543 ager
1046 1464 1312 1544 quamvis
1356 1463 1566 1525 fertilis
1607 1464 1738 1525 sine
1783 1464 2014 1525 cultura
2058 1465 2399 1526 fructuosus

141 1556 202 1605 15
246 1566 376 1609 esse
421 1568 544 1610 non
583 1557 799 1629 potest,
846 1550 929 1611 sic
968 1550 1099 1611 sine
1140 1550 1414 1611 doctrina
1452 1549 1710 1625 animus;
1756 1550 1836 1610 ita
1879 1560 1969 1611 est
2007 1559 2258 1628 utraque
2303 1567 2400 1611 res

243 1634 373 1694 sine
414 1634 594 1696 altera
627 1633 856 1696 debilis.
920 1635 1161 1697 Cultura
1207 1643 1402 1697 autem
1449 1634 1631 1696 animi
1676 1635 2049 1714 philosophia
2088 1646 2207 1710 est;
2254 1635 2399 1695 baec

245 1720 501 1779 extrahit
541 1719 674 1781 vitia
720 1719 998 1782 radicitus
1028 1731 1087 1781 et
1116 1728 1431 1801 praeparat
1458 1720 1689 1781 animos
1730 1720 1800 1780 ad
1832 1729 1994 1781 satus
2024 1720 2401 1800 accipiendos

246 1821 434 1882 eaque
477 1805 718 1866 mandat
761 1805 833 1866 iis
878 1813 961 1881 et,
1007 1815 1074 1867 ut
1119 1807 1455 1881 ita‘dicam,
1515 1805 1688 1878 serit,
1731 1824 1884 1893 quae
1931 1805 2128 1866 adulta
2170 1807 2400 1866 fructus

248 1953 537 2020 ausgeben‚
582 1969 643 2006 so
680 1956 838 2007 heifst
874 1970 929 2008 es
965 1957 1016 2007 in
1055 1955 1145 2008 der
1179 1954 1277 2008 Re·
1381 1956 1612 2022 dagegen
1652 1955 1751 2008 den
1788 1956 1992 2007 Nomin.
2038 1954 2152 2022 Vgl.
2190 1955 2320 2007 auch
2357 1971 2401 2007 z.

244 2022 347 2087 gel,
384 2022 486 2073 wie
510 2022 637 2086 hier,
671 2040 727 2073 se
756 2023 1010 2089 profiteri
1042 2025 1276 2090 aliquem
1377 2024 1413 2075 l.
1452 2026 1533 2088 22,
1570 2026 1663 2077 52:
1733 2040 1804 2075 uo
1838 2029 2032 2075 monet.
2059 2053 2124 2061 --
2159 2023 2259 2075 Der
2293 2023 2404 2075 hier

244 2090 380 2142 ohne
435 2107 569 2151 ess03
618 2091 812 2154 jedoch
861 2092 964 2158 vgl.
1012 2091 1048 2143 1.
1086 2095 1145 2157 9,
1185 2097 1274 2154 17ς
1378 2107 1544 2158 gegen
1583 2091 1680 2143 den
1755 2098 1905 2144 utzen
1942 2092 2032 2144 der
2067 2091 2401 2157 Philosophie

245 2173 295 2225 p.
330 2157 461 2211 Mur.
502 2161 590 2223 13,
629 2161 719 2213 28:
770 2161 951 2211 tn'duo
994 2176 1077 2211 me
1110 2164 1275 2212 iuris-
1414 2159 1648 2212 emachte
1673 2160 1926 2212 Einwand
1952 2159 2127 2212 wurde
2162 2175 2265 2213 von
2301 2159 2401 2212 den

245 2228 544 2277 consultum
593 2244 704 2277 esse
751 2227 1060 2294 profitebor.
1142 2229 1274 2281 Den-
1425 2231 1599 2281 omern
1639 2228 1772 2281 oster
1807 2229 2050 2281 erhoben.

246 2294 426 2345 selben
448 2294 573 2346 Sinn
599 2295 688 2346 hat
711 2295 801 2347 der
821 2296 1004 2347 Ausdr.
1024 2296 1278 2362 profiteri

244 2367 417 2413 artem
456 2364 712 2428 aliquam.

314 2434 360 2485 1.
399 2432 657 2496 loquatur
684 2461 748 2470 ——
769 2436 966 2497 peccel,
1009 2431 1093 2484 die
1136 2431 1274 2485 Kon-

173 2564 182 2568 “
238 2498 485 2563 junktive
499 2500 612 2551 ·wie
637 2502 719 2564 27,
741 2502 826 2564 67,
861 2501 983 2551 weil
1020 2501 1071 2551 in
1108 2501 1274 2553 einem

247 2566 560 2633 Satzgeffige
595 2567 827 2631 stehend‚
864 2566 1023 2620 durch
1048 2569 1275 2621 welches

246 2635 329 2686 ein
378 2650 475 2686 nur
529 2636 939 2701 beispielsweise
996 2652 1272 2703 angenom-

247 2718 423 2755 menei·
447 2702 557 2755 Fall
580 2704 903 2770 (exemplum
924 2705 1132 2769 fictum)
1158 2718 1273 2757 aus-

248 2770 501 2838 gedrfickt
565 2771 709 2825 wird.
807 2772 974 2825 Daher
1033 2778 1274 2826 erwartet

245 2854 364 2891 man
411 2840 544 2891 auch
590 2840 922 2905 profiteatur
961 2846 1024 2892 st.
1052 2841 1277 2907 profite-

250 2912 358 2970 tur,
405 2907 528 2959 aber
575 2907 745 2961 dieser
777 2907 1094 2961 Relativsatz
1132 2909 1274 2962 dient

247 2992 343 3028 nur
378 2991 469 3027 zur
503 2974 913 3042 Umschreibung
949 2977 1092 3029 eines
1127 2976 1275 3044 Begr.

246 3047 375 3108 (eo),
422 3045 524 3096 wie
567 3043 603 3096 1.
642 3048 734 3110 25,
770 3047 861 3097 61:
917 3061 1053 3110 quae
1096 3049 1277 3096 memi-

243 3116 438 3164 nimus.

314 3181 544 3232 absurde
578 3180 687 3232 hier
720 3181 774 3232 in
799 3181 968 3234 seiner
994 3186 1272 3249 ursprt‘ing-

245 3249 416 3301 lichen
472 3245 775 3314 Bedeutnng
811 3242 1273 3315 ‘unharmoniscb',

245 3318 347 3369 wie
392 3316 458 3368 de
495 3320 622 3369 orat.
656 3315 734 3369 111.
775 3320 855 3381 11,
900 3321 990 3372 41:
1037 3335 1148 3369 vox
1182 3321 1271 3370 ab·

244 3402 379 3437 sona
416 3390 469 3435 et
502 3386 753 3437 absurda.

314 3458 362 3505 3.
414 3455 476 3504 in
528 3456 674 3504 vitae
722 3457 962 3519 ratione,
1005 3453 1057 3505 in
1104 3454 1273 3506 seiner

221 3521 225 3527 “
245 3521 689 3588 Lebensffihrung.

318 3593 364 3643 5.
389 3592 450 3640 in
490 3592 604 3640 vita
647 3604 730 3641 am
751 3587 957 3642 Scblufs
982 3589 1072 3641 des
1093 3589 1274 3641 Satzes

250 3658 343 3709 mit
379 3656 711 3709 Nachdruck:
749 3658 935 3724 gerade
970 3658 1021 3709 in
1060 3657 1150 3710 der
1185 3657 1275 3710 Le-

253 3726 558 3784 bensweise.

321 3796 367 3848 8.
415 3795 555 3845 nihil
607 3809 723 3845 eam
781 3794 1032 3859 prodesse
1074 3794 1278 3845 vertritt

253 3861 352 3913 den
389 3862 514 3915 Gen.
552 3862 678 3929 obj„
731 3862 986 3928 quosdam
1010 3890 1078 3899 —
1102 3864 1279 3913 vivere

1449 2300 1498 2350 9.
1535 2311 1680 2361 vero,
1715 2311 1757 2349 s.
1793 2313 1838 2350 z.
1877 2300 1958 2363 11,
1994 2299 2077 2348 26.

1451 2368 1530 2417 10.
1555 2365 1699 2415 illud
1752 2368 1900 2417 Acci.
1980 2364 2088 2415 Aus

1378 2431 1590 2495 Stficke,
1624 2433 1696 2483 ist
1730 2432 2043 2485 unbekannt.

1449 2503 1529 2555 11.
1557 2503 1618 2550 in
1651 2505 1879 2565 segetem
1916 2492 2250 2564 ‘Saatseld',
2298 2501 2400 2552 wie

1376 2568 1483 2620 Cat.
1511 2568 1580 2620 Μ.
1616 2571 1696 2632 15,
1717 2572 1806 2621 54:
1843 2571 2110 2634 segetibus
2144 2574 2197 2619 et
2221 2571 2401 2634 pratis

1375 2641 1428 2686 et
1461 2638 1632 2687 vineis
1668 2642 1721 2687 et
1754 2639 2003 2689 arbustis.
2452 2644 2456 2650 '

1446 2707 1526 2756 12.
1560 2710 1767 2771 suapte,
1801 2705 2104 2772 zweisilbig.

1449 2775 1529 2825 14.
1548 2772 1732 2837 simili,
1752 2772 2032 2838 Gleicbnis‚
2055 2774 2156 2824 wie
2180 2771 2245 2823 de
2270 2779 2398 2825 orat.

1374 2840 1676 2903 11.78,316:
1713 2843 1857 2892 unde
1891 2843 1991 2893 hoc
2023 2843 2197 2892 simile
2222 2841 2400 2893 ducat.

1379 2907 1494 2975 Vgl.
1520 2910 1652 2961 oben
1677 2912 1724 2972 2,
1746 2913 1800 2963 5:
1838 2912 1903 2960 ab
1929 2912 2123 2961 humili
2158 2911 2232 2960 ad
2261 2925 2402 2960 sum-

1376 2992 1545 3037 mum;
1586 2976 1646 3029 V.
1675 2981 1756 3042 15,
1780 2981 1875 3030 45;
1913 2981 2138 3033 beatum.

1446 3044 1650 3106 fertilis
1661 3074 1723 3082 —
1736 3044 2051 3106 fructuosus
2087 3046 2401 3112 ertragffihig

1379 3141 1445 3150 —
1485 3113 1808 3179 ertragreich.

1449 3183 1526 3233 15.
1557 3183 1636 3231 ita
1670 3189 1749 3232 est
1782 3187 1907 3248 cet.,
1943 3184 2025 3235 ein
2063 3182 2400 3249 Epiphonem‚

1374 3247 1424 3299 d.
1447 3249 1494 3301 h.
1521 3248 1636 3301 eine
1660 3250 2007 3316 nachtrfiglich
2033 3249 2400 3316 hinzugefiigte

1374 3315 1731 3383 Prfizisierung
1773 3318 1916 3371 eines
1960 3318 2402 3370 hervorzuheben·

1375 3384 1477 3436 den
1515 3384 1835 3450 Gedankens,
1887 3387 2083 3439 welche
2119 3385 2276 3437 durch
2315 3384 2399 3437 die

1374 3451 1664 3508 Demonstr.
1683 3458 1780 3520 ita,
1813 3471 1981 3521 usque
2004 3471 2083 3517 eo,
2121 3460 2245 3516 tam,
2282 3459 2400 3505 tan-

1377 3525 1490 3572 tum
1526 3537 1576 3572 u.
1614 3526 1815 3585 tantus,
1853 3523 1995 3575 nicht
2031 3522 2152 3574 aber
2186 3522 2269 3574 bei
2296 3523 2398 3574 Cic.

1379 3588 1538 3641 durch
1575 3590 1709 3641 adeo
1751 3589 1874 3642 oder
1915 3608 2082 3658 usque
2115 3591 2250 3642 adeo
2294 3591 2399 3642 ein-

1380 3657 1592 3722 geleitet
1637 3659 1790 3720 wird;
1843 3659 2086 3712 letzteres
2132 3659 2272 3712 steht
2317 3658 2399 3710 IV.

1381 3727 1465 3789 21,
1488 3728 1555 3777 48
1594 3741 1689 3777 nur
1723 3728 1774 3777 in
1813 3728 1954 3779 einer
1988 3727 2150 3779 Stelle
2186 3727 2277 3778 des
2302 3725 2396 3778 Lu-

1380 3793 1551 3856 ciliuS,
1587 3794 1688 3845 und
1714 3796 1846 3846 adeo
1872 3812 1966 3847 nur
1990 3797 2053 3848 de
2078 3795 2165 3846 off.
2188 3794 2397 3859 1.11‚37

1380 3861 1433 3911 in
1469 3862 1635 3912 einem
1671 3863 1925 3915 unecbten
1962 3863 2164 3915 Zusatz.

1923 3949 1993 4001 8*

2146 2364 2398 2416 welchem
