2834 4317
427 168 548 227 110
1179 168 1368 223 mess
1400 167 1460 222 11.
1487 172 1545 233 ,1,
1581 172 1632 226 4.
1668 171 1718 233 2,
1755 172 1805 223 5.
1892 136 1897 140 ’

420 342 618 404 cundo
650 343 707 405 id
739 343 963 423 populo
996 344 1191 406 facere
1220 342 1429 425 possit,
1474 342 1566 404 vel
1605 341 1655 404 si
1685 343 1749 405 in
1781 360 1933 418 eam,
1980 360 2156 421 quam
2187 361 2299 405 nos
2328 343 2582 405 maxime

421 427 749 507 sequimur,
792 438 1042 491 conetur
1072 429 1371 503 invadere,
1417 446 1635 508 magna
1665 427 1885 489 habere
1914 427 2103 508 possit
2132 428 2344 490 auxilia
2375 448 2409 490 a
2439 428 2581 491 reli-

349 519 387 574 2
423 531 681 593 quorum
703 514 1197 595 philosophorum
1218 514 1566 593 disciplinis.
1609 513 1732 576 Nos
1751 521 1948 575 autem
1979 513 2289 576 universae
2313 514 2580 594 philoso-

418 599 592 679 phiae
623 599 1125 681 vituperatoribus
1165 599 1585 681 respondimus
1626 599 1688 660 in
1723 599 2064 675 Hortensio,
2110 617 2220 678 pro
2265 599 2580 660 Academia

419 694 616 746 autem
648 703 800 765 quae
830 685 1079 748 dicenda
1112 696 1330 761 essent,
1363 685 1505 747 satis
1528 692 1800 746 accurate
1822 684 1883 746 in
1896 669 2278 762 „Academicis
2301 677 2581 764 quattuor
2629 704 2661 753 5
2732 757 2739 762 ,

419 768 586 833 libris
631 769 919 850 explicata
964 770 1352 847 arbitramur3
1398 769 1502 832 sed
1544 778 1745 832 tamen
1789 778 2022 831 tantum
2068 769 2255 846 abest,
2299 779 2369 831 ut
2397 769 2580 833 scribi

418 862 627 916 contra
659 874 772 918 nos
803 856 1079 931 nolimus,
1124 867 1194 918 ut
1222 856 1283 917 id
1312 857 1488 917 etiam
1516 857 1769 917 maxime
1811 863 2105 936 optemus.
2157 855 2227 916 In
2260 856 2387 936 ipsa
2417 855 2581 917 enim

418 938 661 1001 Graecia
690 939 1067 1021 philosophia
1095 949 1262 1002 tanto
1301 941 1364 1002 in
1396 941 1631 1003 honore
1662 959 1987 1020 numquam
2019 940 2247 1017 fuisset,
2292 942 2406 1003 nisi
2435 941 2580 1003 doc-

416 1024 782 1087 tissimorum
813 1026 1304 1089 contentionibus
1334 1026 1929 1106 dissensionibusque
1957 1025 2258 1105 viguisset.

342 1118 371 1165 5
590 1110 781 1182 Quam
813 1111 891 1173 ob
922 1130 1049 1173 rem
1086 1113 1299 1173 hortor
1340 1111 1555 1187 omnis,
1600 1112 1703 1191 qui
1732 1112 1930 1173 facere
1960 1111 2019 1172 id
2050 1119 2325 1192 possunt,
2369 1118 2436 1172 ut
2464 1111 2578 1172 hu·
2628 1126 2691 1175 10

416 1196 510 1257 ius
555 1214 795 1276 quoque
842 1197 1082 1277 generis
1117 1197 1356 1258 laudem
1398 1197 1516 1259 iam
1555 1197 1863 1277 languenti
1895 1195 2176 1259 Graeciae
2221 1196 2476 1276 eripiant
2518 1204 2580 1257 et

416 1283 780 1346 transferant
820 1283 884 1343 in
915 1283 1071 1344 banc
1118 1281 1351 1358 urbem,
1396 1283 1552 1344 sicut
1595 1283 1854 1361 reliquas
1898 1283 2111 1358 omnis,
2156 1300 2308 1361 quae
2338 1281 2578 1361 quidem

415 1375 587 1444 erant
640 1367 1039 1448 expetendae,
1096 1368 1293 1430 studio
1346 1377 1525 1447 atque
1580 1367 1869 1430 industria
1926 1386 2033 1430 sua
2090 1367 2344 1429 maiores
2388 1366 2579 1428 nostri

412 1453 871 1515 transtulerunt.
925 1453 1119 1533 Atque
1150 1462 1458 1515 oratorum
1483 1453 1724 1533 quidem
1752 1453 1882 1515 laus
1910 1453 2009 1529 ita,
2041 1452 2216 1514 ducta
2245 1452 2321 1514 ab
2352 1451 2580 1526 humili,

412 1538 578 1599 venit
618 1537 692 1598 ad
734 1556 1067 1613 summum,
1112 1547 1177 1600 ut
1221 1539 1356 1612 iam,
1402 1539 1565 1619 quod
1609 1548 1821 1600 natura
1864 1540 1981 1601 fert
2022 1538 2086 1599 in
2132 1538 2412 1599 omnibus
2455 1538 2581 1598 fere
2627 1551 2692 1601 15

414 1621 616 1696 rebus,
648 1631 920 1685 senescat
961 1622 1245 1703 brevique
1282 1632 1556 1705 tempore
1603 1623 1676 1684 ad
1724 1624 1972 1685 nihilum
2004 1631 2253 1685 ventura
2283 1624 2576 1685 videatur:

413 1707 792 1787 philosophia
839 1716 1118 1770 nascatur
1147 1707 1373 1771 Latinis
1409 1708 1653 1789 quidem
1695 1709 1908 1771 litteris
1952 1728 2023 1770 ex
2067 1709 2161 1770 his
2203 1707 2581 1789 temporibus

414 1874 519 1927 und
540 1874 711 1941 gleich
728 1875 977 1928 nachher:
1013 1879 1296 1928 universae
1314 1879 1443 1944 phi·
1622 1879 1702 1929 10.
1723 1878 1884 1929 liuius
1895 1879 2130 1942 generis,
2169 1876 2325 1931 niml.
2341 1877 2584 1942 philoso-

416 1942 693 2010 lesopltt‘ae
713 1947 1205 2011 vituperatoribm5
1226 1945 1304 1998 111.
1324 1948 1372 2009 3,
1394 1948 1445 1998 6.
1544 1946 1736 2011 pkiae:
1772 1943 1985 2000 Faches.

414 2009 531 2078 Vgl.
555 2011 592 2065 1.
615 2014 701 2079 40,
726 2014 791 2065 95
829 2029 895 2065 zu
936 2015 998 2065 in
1043 2017 1192 2065 emm·
1224 2016 1444 2066 virtute.
1621 2015 1702 2066 12.
1737 2028 1875 2079 quae
1896 2042 1963 2051 —-
1987 2012 2332 2079 expetendae.
2371 2011 2491 2078 Vgl.
2516 2027 2583 2064 zu

478 2081 710 2132 secundo
784 2080 944 2148 epulo
989 2085 1139 2134 unter
1178 2082 1295 2134 dem
1329 2081 1449 2134 Bei-
1549 2079 1666 2132 dem
1711 2080 1879 2133 Inhalt
1912 2080 1948 2134 1.
1988 2085 2033 2145 1,
2073 2084 2119 2134 1.
2188 2080 2311 2133 Dass
2355 2080 2446 2132 aul
2488 2079 2583 2132 das

413 2147 504 2199 fall
539 2147 631 2201 des
668 2148 748 2200 Vo
769 2148 893 2214 kes,
936 2149 1039 2202 wie
1074 2148 1139 2201 de
1183 2149 1301 2217 lege
1337 2165 1443 2216 agr.
1550 2148 1970 2202 beschriinkende
2024 2152 2121 2216 qui
2171 2148 2385 2216 quidem
2437 2147 2585 2200 nicht

414 2213 472 2267 11.
492 2218 578 2281 37,
599 2219 722 2271 101:
747 2217 984 2269 secunda
1000 2221 1251 2270 contione
1276 2219 1446 2284 legem
1548 2217 1731 2270 immet
1773 2217 1864 2270 der
1907 2216 2056 2286 Konj.
2103 2217 2262 2285 folgt‚
2317 2218 2583 2269 beweisen

412 2284 654 2337 madere.
1554 2287 1724 2340 ausser
1740 2284 1909 2338 dieser
1927 2285 2089 2339 Stelle
2119 2286 2252 2339 noch
2271 2300 2322 2351 p.
2340 2285 2448 2338 Mil.
2461 2286 2582 2349 1‚3;

486 2356 533 2406 1.
566 2355 628 2405 in
664 2369 799 2419 eam,
853 2352 937 2406 die
972 2352 1134 2407 Lehre
1187 2353 1279 2407 der
1311 2352 1451 2407 Alta·
1552 2352 1695 2408 Brut.
1735 2357 1817 2420 17,
1841 2356 1923 2408 65.

414 2419 599 2475 demie.
1623 2425 1707 2478 14.
1740 2426 1920 2489 Atque
1962 2426 2246 2474 oratorum
2287 2425 2412 2474 eet-2
2466 2419 2586 2473 Nun

482 2492 533 2543 4.
570 2491 632 2541 in
666 2490 971 2554 Hortensio,
1016 2490 1182 2543 einem
1218 2505 1317 2543 uns
1351 2490 1446 2544 lei·
1550 2489 1641 2541 hat
1667 2492 1726 2556 ja
1762 2490 1852 2543 der
1868 2490 2034 2543 Ruhm
2067 2488 2158 2543 der
2183 2488 2384 2541 Redner
2415 2488 2468 2540 in
2494 2487 2588 2539 der

414 2556 505 2610 der
540 2558 841 2611 veriorenen
874 2557 1104 2626 Dialoge,
1144 2559 1307 2611 worin
1340 2559 1445 2613 Cic.
1549 2556 1724 2611 Weise
1758 2559 1937 2611 seinen
1969 2557 2311 2627 Gipfelpunkt
2345 2556 2585 2621 erreicht,

414 2624 515 2677 den
555 2627 861 2680 beruhmten
895 2626 1098 2679 Redner
1141 2626 1445 2680 Hortensius
1550 2624 1663 2678 dats
1688 2642 1744 2678 er
1767 2663 1781 2678 .
1809 2667 1823 2680 .
1851 2628 1953 2680 wie
1979 2642 2036 2679 es
2061 2626 2277 2689 scheint‚
2302 2625 2584 2677 absterben

415 2692 515 2744 den
533 2693 735 2746 Nutzen
758 2694 1209 2762 philosophischer
1227 2694 1444 2748 Studien
1550 2693 1704 2746 wird:
1750 2698 1903 2761 infige
1938 2693 2075 2747 denn
2118 2693 2202 2748 die
2248 2692 2584 2760 philosophie

414 2761 696 2813 bestreiten
719 2762 855 2827 liets‚
890 2763 1002 2815 sich
1026 2762 1190 2815 selbst
1213 2764 1337 2816 aber
1360 2765 1445 2817 die
1518 2761 1602 2813 'in
1646 2762 1737 2814 der
1781 2766 1912 2816 rom.
1948 2762 2222 2815 Litteratur
2265 2764 2385 2828 (εἰς.
2421 2760 2583 2813 durch

414 2827 564 2881 Rolle
598 2828 690 2880 des
727 2829 1074 2896 Verteidigers
1110 2831 1226 2897 gab.
1547 2830 1656 2883 ihre
1701 2829 2040 2897 Behandlung
2083 2832 2137 2883 in
2182 2830 2233 2883 d.
2275 2834 2403 2883 rom.
2441 2828 2583 2892 Litt.)

483 2901 531 2949 5.
568 2913 707 2962 quae
741 2897 968 2949 dicenda
1003 2904 1190 2965 essent,
1223 2898 1439 2966 s.1.1‚1
1549 2898 1746 2965 infolge
1782 2898 1873 2952 der
1907 2899 2326 2967 gegenwfirtigen
2353 2898 2584 2952 Zeitver-

413 2980 479 3016 zu
525 2967 880 3031 pertinerent.
956 2965 1161 3019 Ebenso
1219 2967 1449 3021 nachher
1549 2966 1800 3020 hiiltnisse
1835 2983 1949 3020 zum
1986 2967 2157 3020 Leben
2196 2966 2484 3019 erwschen.

414 3035 463 3097 3,
489 3035 548 3086 9:
596 3034 741 3097 quod
783 3036 946 3086 aliter
988 3050 1099 3086 non
1130 3040 1309 3102 posset
1343 3040 1446 3090 cet.
1617 3038 1683 3087 ab
1730 3036 1939 3088 humili.
1997 3036 2051 3087 in
2104 3035 2435 3100 Verbindung
2487 3034 2584 3085 mit

482 3104 542 3153 in
592 3102 750 3153 Aead
800 3132 866 3141 —
921 3102 1090 3156 libris.
1181 3103 1295 3156 Von
1354 3103 1447 3157 der
1551 3104 1691 3155 einer
1715 3103 1866 3170 Priip.
1902 3104 2311 3169 substantivieru
2347 3103 2449 3154 wie
2483 3102 2582 3154 das

412 3169 988 3292 ἓῐὶξὲἑὲῐῖςῡὲἓξᾷἲιέυὲ
1012 3172 1144 3293 2νῖὲί
1178 3175 1443 3293 ςτξίξιεῐεη
1549 3171 1791 3291 fulg-{ride
1827 3173 1901 3225 ad
1933 3188 2218 3224 summum:
2255 3171 2361 3239 vgl.
2398 3175 2447 3236 5,
2485 3173 2579 3223 13:

919 3255 950 3291 n
988 3255 1053 3292 en
1140 3256 1226 3294 ear
1264 3257 1311 3294 ei
1338 3257 1443 3307 ung
1545 3256 1669 3291 mm
1715 3278 1729 3293 .
2128 3283 2135 3288 ,

412 3306 482 3358 ist
506 3324 601 3361 nur
623 3307 715 3360 das
740 3311 789 3361 2.
809 3306 970 3373 Buch,
1003 3324 1107 3361 von
1131 3310 1230 3362 den
1252 3313 1287 3364 4
1313 3309 1443 3361 klei-
1618 3311 1701 3362 16.
1726 3311 1966 3361 senescat
1989 3306 2258 3373 hinwelkt,
2282 3306 2388 3372 vgl.
2414 3305 2479 3358 de
2502 3319 2581 3359 or.

413 3390 570 3428 neren
622 3375 857 3429 Buchern
910 3375 1000 3429 der
1052 3379 1292 3443 spfiteren
1343 3376 1444 3429 Be·
1543 3375 1600 3429 11.
1623 3380 1673 3442 2,
1695 3381 1748 3430 7:
1798 3376 2012 3429 laudem
2045 3392 2230 3428 eorum
2264 3378 2376 3426 iam
2407 3388 2583 3440 prope

412 3444 683 3511 arbeitung
740 3446 865 3498 aber
920 3445 1013 3498 das
1075 3449 1120 3498 1.
1166 3460 1281 3497 zum
1326 3445 1443 3497 Teil
1540 3448 1910 3498 senescentem.

414 3526 511 3563 uns
546 3513 802 3578 erhslten‚
838 3528 897 3567 so
934 3512 1045 3566 dass
1081 3514 1134 3566 in
1170 3513 1260 3566 der
1294 3514 1443 3567 Mitte
1618 3516 1697 3567 17.
1752 3514 2094 3579 philosophia
2156 3514 2417 3564 nascatur
2472 3513 2579 3563 cet.

413 3580 527 3632 eine
561 3579 735 3634 Lucke
767 3583 852 3635 ist.
1546 3579 1733 3633 drfickt
1766 3582 1861 3634 mit
1887 3581 2142 3648 Emphase
2176 3579 2260 3632 die
2295 3578 2454 3631 durch
2490 3577 2579 3629 ein

483 3650 530 3701 8.
565 3651 676 3699 nisi
706 3677 776 3690 —
816 3652 1102 3716 vig-uisset.-
1157 3663 1310 3701 wenn
1363 3649 1441 3701 sie
1546 3663 1706 3701 neues
1740 3649 1968 3702 Moment
2002 3648 2318 3714 begrfindete
2342 3644 2579 3697 Wieder-

414 3715 555 3769 nicht
580 3717 777 3784 infolge
795 3717 885 3770 der
904 3716 1140 3771 Polemik
1164 3717 1252 3769 der
1264 3715 1442 3769 Philo·
1547 3717 1743 3784 holung
1766 3718 1856 3770 der
1889 3717 2074 3770 vorher
2093 3714 2578 3782 ausgesprochenen

412 3784 609 3852 sophen
648 3786 731 3838 ein
766 3801 826 3838 so
860 3802 1011 3854 reges
1042 3787 1211 3839 Leben
1250 3786 1444 3853 gehabt
1544 3785 1926 3853 Aufforderuug
1968 3801 2088 3848 aus,
2134 3786 2255 3837 aber
2291 3783 2391 3836 deu
2415 3780 2579 3833 licher

411 3852 569 3908 hiitte.
1549 3855 1686 3907 ware
1721 3854 1810 3907 der
1833 3853 2075 3908 Gedanke
2110 3854 2162 3906 in
2199 3852 2367 3905 dieser
2437 3864 2577 3902 orm:
