2834 4317
340 352 397 400 11

444 166 521 224 32
1231 163 1415 218 LIBER
1451 166 1486 217 1.
1524 167 1570 228 6,
1611 168 1691 219 11.
1735 170 1811 221 12.

443 341 508 401 A.
542 339 688 411 Quis
719 339 876 400 enim
914 303 1131 400 nonin
1158 317 1283 411 eius
1316 311 1473 399 modi
1506 335 1724 400 causa?
1756 347 1858 400 aut
1898 339 2036 418 quid
2072 338 2294 417 negotii
2338 347 2430 401 est
2459 341 2610 403 haec

442 432 843 504 poetarumet
870 425 1166 506 pictorum
1196 431 1477 504 portenta*
1505 418 1899 499 convincere?
1945 424 2027 489 M.
2066 425 2245 503 Atqui
2276 424 2438 503 pleni
2468 427 2610 489 libri

444 519 585 571 sunt
623 519 830 571 contra
877 507 984 571 ista
1030 510 1156 589 ipsa
1202 510 1620 572 disserentium
1665 509 2178 590 philosophorum.
2280 509 2348 571 A.
2394 511 2608 592 Inepte

445 614 608 657 sane.
664 595 810 666 Quis
842 595 999 656 enim
1033 604 1122 657 est
1151 603 1264 656 tam
1298 590 1508 657 excors
1540 609 1717 674 quem
1749 595 1858 656 ista
1889 592 2207 656 moveant?
2252 595 2336 656 M.
2369 596 2430 657 Si
2463 605 2611 678 ergo

381 714 395 721 -
445 681 603 761 apud
645 681 869 742 inferos
901 681 1098 741 miseri
1130 699 1252 742 non
1286 688 1447 753 sunt,
1495 699 1569 742 ne
1599 687 1742 742 sunt
1770 680 2009 760 quidem
2042 681 2197 760 apud
2229 680 2455 743 inferos
2485 684 2612 748 ulli.

339 1119 396 1168 12

444 767 510 827 A.
541 765 626 826 lta
659 784 903 845 prorsus
933 766 1220 827 existimo.
1284 766 1365 827 M.
1398 765 1511 826 Ubi
1541 772 1683 827 sunt
1713 783 1854 844 ergo
1886 763 2129 844 ii,'quos
2158 765 2408 827 miseros
2439 768 2609 841 dicis,

444 859 544 911 aut
587 869 765 930 quem
808 850 1004 912 locum
1051 848 1365 913 incolunt?
1426 851 1489 912 Si
1534 851 1690 912 enim
1736 859 1916 924 sunt,
1964 869 2261 929 nusquam
2306 870 2433 913 esse
2480 872 2606 915 non

440 944 712 1015 possunt.
792 936 858 997 A.
892 936 1019 1016 Ego
1064 955 1202 998 vero
1250 954 1543 1015 nusquam
1589 950 1718 998 'esse
1762 936 1893 998 illos
1938 944 2103 1015 puto.
2179 935 2264 997 M.
2297 935 2482 1016 Igitur
2529 958 2607 1000 ne

445 1039 572 1083 esse
604 1019 889 1100 quidem?
955 1021 1024 1083 A.
1056 1022 1310 1084 Prorsus
1341 1022 1454 1083 isto
1488 1021 1685 1095 modo,
1717 1029 1777 1082 et
1807 1030 2003 1082 tamen
2035 1021 2285 1083 miseros
2316 1021 2391 1083 ob
2424 1023 2480 1085 id
2512 1024 2606 1104 ip-

441 1125 573 1168 sum
605 1106 863 1185 quidem,
898 1107 1033 1185 quia
1068 1107 1214 1171 nulli
1244 1107 1381 1169 sint.
1445 1106 1525 1167 M.
1552 1106 1674 1167 lam
1702 1106 1933 1168 mallem
1958 1105 2284 1167 Cerberum
2307 1116 2607 1171 metueres

443 1211 621 1271 quam
646 1193 755 1253 ista
779 1200 896 1253 tam
922 1192 1363 1254 inconsiderate
1388 1192 1637 1253 diceres
1693 1193 1758 1253 A.
1784 1192 1940 1264 Quid
1965 1189 2251 1253 tandem?
2303 1191 2385 1253 M.
2413 1193 2607 1264 Quem

441 1296 570 1339 esse
605 1296 803 1357 negaS‚
836 1278 1091 1339 eundem
1119 1296 1245 1340 esse
1270 1278 1434 1344 dicis,
1491 1276 1605 1338 Ubi
1635 1285 1726 1339 est
1754 1295 2005 1339 acumen
2037 1274 2251 1338 tuum?
2281 1295 2416 1338 cum
2442 1279 2606 1339 enim

439 1363 724 1425 miserum
755 1381 884 1425 esse
914 1363 1080 1439 diois,
1126 1372 1254 1425 tum
1300 1381 1460 1439 eum,
1507 1363 1608 1442 qui
1652 1381 1776 1424 non
1820 1363 1917 1438 sit,
1966 1363 2111 1424 dicis
2162 1381 2308 1424 esse.
2370 1363 2434 1423 A.
2467 1363 2603 1424 Non

439 1552 565 1594 esse
596 1531 760 1592 verbi
806 1551 978 1594 causa
1011 1533 1085 1592 M.
1120 1532 1415 1607 Crassum,
1462 1534 1562 1612 qui
1595 1533 1722 1595 illas
1762 1534 2033 1595 fortunas
2076 1540 2267 1594 morte
2299 1532 2604 1608 dimiserit,

437 1617 719 1680 miserum
743 1617 849 1678 Cn.
878 1616 1245 1696 Pompeium,
1278 1619 1380 1696 qui
1411 1626 1574 1679 tanta
1598 1618 1785 1698 gloria
1807 1619 1883 1679 sit
1918 1618 2180 1697 orbatus,
2214 1619 2409 1680 omnis
2433 1618 2606 1680 deni-

2666 698 2702 747 0«

2663 1122 2737 1173 10

403 1460 409 1466 ’
439 1467 569 1510 sum
603 1449 680 1508 ita
704 1448 910 1523 hebeS,
943 1457 1009 1509 ut
1037 1449 1193 1510 istud
1218 1449 1427 1510 dicam.
1480 1447 1564 1509 M.
1592 1448 1746 1520 Quid
1780 1448 1925 1510 dicis
1956 1445 2178 1527 igitur?
2230 1449 2298 1510 A.
2324 1447 2606 1510 Miserum
2665 1489 2668 1490 ν

435 1719 549 1769 eine
594 1717 675 1768 fiir
717 1716 809 1768 das
845 1716 1092 1784 populare
1133 1715 1467 1768 Verstfindnis

434 1785 669 1837 fassliche
704 1783 807 1836 und
845 1784 1232 1849 fiberzengende
1266 1784 1461 1836 Gedan·

435 1851 927 1918 kenentwickelung
945 1851 1246 1905 bezeichnet
1270 1853 1463 1918 werde,

437 1920 561 1987 geht
605 1935 697 1972 aus
748 1920 850 1972 Cic.
877 1920 941 1973 de
966 1935 1038 1974 or.
1063 1920 1099 1973 1.
1127 1923 1209 1985 21,
1235 1924 1303 1974 94
1350 1921 1466 1973 her-

434 2004 552 2041 vor:
588 1989 777 2053 Itaque
800 2016 867 2026 —
891 1991 1087 2055 scripsi
1129 1992 1291 2041 etiam
1325 1989 1467 2041 illud

434 2057 668 2122 quodam
715 2059 777 2108 in
820 2056 999 2108 libello
1044 2059 1138 2122 (or.
1177 2060 1238 2122 5,
1279 2057 1359 2120 18)
1394 2086 1464 2094 —-

433 2126 661 2176 disertos
709 2140 962 2191 cognosse
1005 2140 1088 2175 me
1123 2141 1233 2176 non
1269 2125 1465 2193 nullos,

432 2194 761 2259 eloquentem
794 2194 970 2246 adhuc
1002 2195 1282 2257 neminem,
1322 2194 1470 2258 quod

431 2277 553 2313 eum
619 2264 916 2314 statuebam
996 2262 1285 2325 disertum,
1369 2264 1468 2327 qui

426 2334 608 2396 posset
649 2332 786 2382 satis
832 2335 985 2382 acute
1031 2335 1193 2396 atque
1227 2329 1464 2382 dilucide

432 2400 580 2465 apud
613 2399 898 2450 mediocris
944 2400 1183 2450 homines
1218 2415 1288 2449 ex
1323 2414 1462 2450 eom-

429 2470 583 2519 muni
627 2468 860 2534 quadam
897 2469 1151 2533 opinione
1187 2468 1464 2518 hominum

428 2536 623 2588 dicere.
695 2535 798 2588 Cic.
845 2535 996 2588 leitet
1038 2534 1131 2586 das
1168 2532 1315 2586 Wort
1358 2551 1461 2587 von

430 2604 692 2655 disserere
727 2604 820 2668 ab,
866 2604 973 2670 vgl.
999 2603 1062 2655 de
1087 2618 1160 2655 or.
1185 2602 1206 2654 1
1233 2604 1315 2667 56,
1344 2604 1460 2657 240.

505 2674 548 2725 1.
587 2671 719 2735 Quis
754 2675 896 2722 enim
931 2674 1029 2723 cet.
1090 2671 1206 2723 Man
1243 2672 1462 2736 ergfinze

431 2753 526 2790 vor
561 2738 740 2790 diesen
777 2736 1020 2791 Worten:
1054 2739 1248 2790 Facile
1282 2740 1459 2794 credo.

433 2806 547 2871 vgl.
573 2808 657 2868 31,
684 2809 776 2858 76:
812 2805 1027 2857 Adeunt
1059 2809 1216 2859 enim.

498 2874 631 2940 quid
662 2876 872 2938 negotii
906 2878 984 2924 est
1017 2888 1126 2925 was
1162 2876 1231 2924 ist
1266 2873 1357 2926 das
1381 2875 1460 2927 fur

424 2942 543 2994 eine
590 2943 763 3007 grosse
815 2942 1088 3008 (schwere)
1143 2940 1342 2994 Sache‘?
1392 2969 1465 2983 —-

427 3014 677 3062 moveant
708 3008 967 3062 Eindruck
1003 3008 1218 3062 macheu
1254 3008 1357 3063 aus.

498 3082 545 3130 5.
605 3094 671 3128 ne
706 3082 837 3129 sunt
871 3078 1101 3144 quidem.
1144 3077 1227 3130 Ne
1251 3106 1316 3115 —
1342 3081 1460 3144 qui-

422 3147 547 3198 dem
582 3145 693 3198 hier
727 3146 831 3198 und
868 3146 986 3198 sehr
1020 3145 1113 3212 oft,
1151 3162 1193 3199 z.
1222 3144 1276 3198 B.
1304 3146 1336 3213 ξ
1371 3149 1458 3208 12;

428 3220 476 3280 7,
516 3218 580 3269 14
615 3213 759 3267 nicht
804 3212 1089 3281 steigernd‚
1133 3214 1353 3266 sondern
1389 3237 1458 3258 =

422 3284 596 3350 „auch
631 3282 824 3335 nicht“.

497 3355 544 3406 8.
581 3368 724 3418 vero,
761 3366 804 3403 ε.
829 3366 895 3401 zu
924 3353 1001 3413 11,
1030 3352 1118 3405 25.-

495 3421 692 3486 Igitur,
728 3434 772 3471 S.
797 3435 861 3471 zu
888 3420 935 3485 2,
961 3422 1010 3472 4.

499 3490 547 3540 9.
585 3490 714 3554 quia
759 3487 902 3538 nulli
942 3489 1068 3541 sint.
1142 3486 1212 3539 So
1249 3489 1352 3553 36,
1388 3490 1453 3542 87

426 3572 480 3611 u.
517 3557 601 3619 38,
638 3558 729 3609 91:
776 3556 918 3607 nulli
948 3560 1100 3620 sunt3
1145 3556 1199 3608 in
1235 3556 1384 3608 Catil.
1419 3556 1456 3609 l.

432 3626 489 3688 7,
530 3625 619 3678 16:
690 3624 1091 3691 misericordia,
1163 3641 1299 3692 quae
1359 3627 1459 3676 tibi

426 3692 580 3744 nulla
616 3692 837 3743 debetur
870 3708 922 3746 u.
948 3695 996 3745 ὂ.

504 3764 581 3814 11.
621 3761 767 3825 Quid
801 3761 1048 3813 tandem?
1087 3761 1310 3815 nfimlich
1347 3767 1457 3814 tam

423 3829 823 3882 inconsiderate
857 3830 992 3883 dixi.

1644 1718 1724 1770 13.
1761 1720 1874 1768 tum
1909 1718 2061 1783 (nach
2106 1719 2272 1782 ουτως
2328 1717 2463 1770 dann
2515 1735 2607 1771 zu-

1571 1784 1757 1851 gleich.
1830 1785 1922 1838 Als
1960 1784 2105 1851 Subi.
2143 1802 2206 1839 zu
2243 1788 2497 1838 miserum
2532 1787 2606 1840 ist

1570 1867 1663 1905 aus
1689 1852 1787 1904 den
1813 1853 2269 1919 vorhergehenden
2297 1854 2484 1916 Sitzen
2508 1854 2607 1909 das

1569 1919 1877 1986 allgemeine
1914 1925 2152 1988 quemvis
2185 1927 2475 1986 mortuum,
2511 1922 2607 1976 der

1569 1988 1699 2040 nach
1736 1988 1827 2040 des
1860 1988 1921 2042 A.
1959 1989 2193 2054 eigenem
2227 1989 2607 2056 Zugestiindnis

1566 2056 1630 2137 (Q
1650 2059 1681 2109 9
1718 2071 1768 2110 ιι.
1800 2059 1881 2120 11)
1930 2056 2071 2109 nicht
2115 2057 2373 2122 existiert,
2424 2075 2488 2111 zu
2523 2074 2606 2111 er·
2651 2105 2657 2111 .

1571 2139 1784 2189 ganzen.

1643 2195 1721 2245 15.
1755 2194 1908 2243 verbi
1942 2207 2105 2244 eausa
2139 2184 2253 2242 ‘wir
2290 2193 2481 2245 wollen
2521 2210 2608 2247 sa-

1569 2252 1694 2327 gen’
1731 2261 1856 2313 oder
1877 2254 2015 2312 ‘zum
2041 2252 2291 2327 Beispiel‘
2327 2259 2482 2322 (doch
2519 2262 2612 2318 fiir

1566 2328 1810 2380 letzteres
1868 2342 1964 2380 nur
1995 2327 2153 2379 .dann
2204 2343 2269 2378 zu
2323 2328 2608 2394 brauchen,

1567 2411 1721 2448 wenn
1756 2412 1847 2448 zur
1880 2395 2423 2461 Veranschaulichnng
2459 2398 2607 2452 eines

1566 2463 1906 2530 allgemeinen
1941 2462 2111 2517 Falles
2156 2464 2239 2516 ein
2288 2464 2605 2519 willkfirlicb

1567 2533 1855 2599 gewiihltes
1892 2532 2152 2585 einzelnes
2186 2530 2334 2585 Wort
2369 2533 2446 2586 als
2483 2532 2606 2586 Bei-

1566 2600 1698 2669 spiel
1733 2601 1900 2668 folgt).

1634 2668 1706 2721 M.
1747 2669 2015 2722 Crassum.
2085 2666 2156 2722 M.
2189 2667 2414 2720 Licinius
2452 2668 2604 2722 Cras-

1564 2752 1679 2800 sus,
1737 2736 1827 2789 der
1861 2736 2144 2799 Triumvir,
2193 2736 2377 2789 dessen
2416 2735 2603 2789 Reich-

1563 2808 1671 2856 tum
1732 2820 1848 2857 zum
1921 2803 1956 2856 S
1997 2804 2241 2857 richwort
2300 2803 2599 2871 geworden,

1566 2887 1673 2925 war
1723 2874 1795 2925 im
1846 2872 1965 2925 Part
2003 2872 2235 2940 erkriege
2283 2876 2349 2926 54
2392 2888 2443 2925 v.
2480 2872 2599 2928 Chr.

1567 2941 1811 3008 gerallen.

1635 3010 1905 3061 dimiserit
1940 3003 2140 3076 ‘fabren
2163 3008 2336 3061 lassen
2361 3002 2598 3074 musste’‚

1565 3077 1699 3130 deun
1714 3079 1984 3130 dimittere
2004 3077 2252 3130 bedentet
2269 3076 2411 3128 nicht
2429 3075 2596 3128 blots:

1564 3150 1730 3199 etwas
1779 3160 1882 3199 von
1928 3144 2038 3198 sich
2091 3145 2217 3197 oder
2264 3145 2355 3197 frei
2402 3144 2596 3209 lassen,

1564 3229 1672 3267 was
1719 3229 1837 3267 man
1883 3213 2027 3266 nicht
2071 3213 2215 3265 mehr
2261 3212 2429 3264 haben
2464 3212 2597 3278 will,

1562 3282 1783 3334 sondern
1836 3282 1994 3334 auch:
2050 3286 2215 3334 etwas
2306 3295 2596 3347 ezwungen

1560 3350 1686 3402 oder
1720 3365 1915 3417 ungern
1939 3348 2223 3415 ausgeben.
2271 3296 2343 3401 {o
2368 3363 2418 3415 p.
2444 3347 2593 3404 Caec.

1561 3420 1655 3482 26,
1710 3422 1802 3472 75:
1856 3420 2247 3484 patrimonium
2300 3420 2465 3469 unius
2508 3419 2594 3468 in·

1560 3486 1834 3538 commodo
1885 3487 2215 3547 dimittentem
2260 3486 2392 3552 Nep.
2429 3483 2595 3538 Hann.

1564 3557 1650 3608 12:
1669 3557 1838 3607 vitam
1853 3555 2031 3607 alieno
2051 3556 2282 3606 arbitrio
2302 3554 2591 3606 dimittere.

1615 3625 1696 3677 16.
1723 3628 1874 3675 tanta
1888 3622 2072 3688 gloria
2089 3626 2164 3673 sit
2181 3624 2418 3688 orbatus,
2430 3622 2591 3674 durch

1561 3691 1642 3744 die
1663 3690 1906 3743 Scblacht
1932 3692 2015 3744 bei
2038 3690 2330 3758 Pharsalus,
2348 3689 2480 3743 nach
2500 3690 2591 3742 der

1561 3775 1616 3812 er
1634 3759 1724 3813 auf
1741 3759 1830 3812 der
1850 3758 2031 3812 Flucht
2054 3759 2106 3810 in
2125 3759 2371 3828 Agypten
2389 3761 2590 3826 getotet

1564 3828 1755 3894 wurde,
1792 3830 1857 3883 48
1882 3843 1930 3880 v,
1959 3827 2073 3883 Chr.
