2834 4317
445 178 529 237 80

1208 175 1400 228 LIBER
1434 175 1470 228 1.
1508 177 1590 240 33,
1626 177 1707 229 80.
1747 177 1832 230 81.

342 362 401 412 80
448 349 630 410 nitate
657 347 995 409 animorum
1027 348 1274 423 dicatur,
1305 347 1379 409 de
1410 355 1613 408 mente
1644 346 1779 422 dici,
1811 365 1962 426 quae
1987 346 2152 407 omni
2174 347 2416 410 turbido
2441 357 2608 410 motu

445 453 684 514 semper
714 442 906 508 vacet,
955 452 1078 495 non
1112 436 1184 498 de
1227 433 1498 514 partibus
1526 433 1628 507 iis,
1675 433 1736 493 in
1771 433 1987 512 quibus
2018 432 2451 512 aegritudines,
2482 435 2607 496 irae

445 520 840 598 libidinesque
870 527 1200 596 versentur,
1232 538 1381 599 quas
1409 519 1481 594 is,
1513 527 1723 579 contra
1768 536 1945 597 quem
1977 519 2124 580 haec
2155 517 2466 593 dicuutur,
2512 539 2606 581 se-

445 612 637 667 motas
665 623 696 664 a
729 615 929 665 mente
959 612 1019 665 et
1048 604 1333 668 disclusas
1361 610 1551 684 putat.
1638 603 1762 665 Iam
1793 603 2115 665 similitudo
2146 605 2334 682 magis
2364 615 2612 684 apparet

447 690 508 750 in
543 689 764 765 bestiis,
790 708 1041 769 quarum
1075 690 1258 752 animi
1287 698 1430 751 sunt
1458 688 1707 750 rationis
1737 698 2040 768 expertes3
2072 689 2383 750 hominum
2412 698 2610 751 autem
2657 703 2686 752 5

446 774 766 837 similitudo
812 775 874 836 in
908 793 1230 855 corporum
1260 776 1449 855 figura
1479 775 1666 853 magis
1696 781 1914 850 exstat,
1964 783 2022 835 et
2054 773 2167 854 ipsi
2197 773 2379 836 animi
2409 776 2611 854 magni
2738 787 2743 790 ·

445 862 629 921 refert
660 860 818 939 quali
847 859 907 920 in
936 878 1188 940 corpore
1212 860 1388 922 locati
1409 861 1559 934 sint3
1590 858 1773 920 multa
1800 859 1958 920 enim
1985 878 2017 920 e
2041 877 2294 940 corpore
2319 861 2614 923 exsistunt

448 962 600 1024 quae
629 954 848 1006 acuant
878 953 1157 1022 mentem,
1191 946 1373 1008 multa
1407 963 1560 1024 quae
1591 943 1946 1008 obtundant.
2000 944 2347 1007 Aristoteles
2370 945 2612 1026 quidem

446 1031 526 1090 ait
556 1048 765 1091 omnes
800 1030 1149 1109 ingeniosos
1178 1030 1639 1093 melancholicos
1686 1047 1848 1104 esse,
1893 1038 1961 1091 ut
2004 1048 2115 1109 ego
2162 1047 2257 1090 me
2287 1032 2611 1092 tardiorem

448 1134 577 1176 esse
608 1135 731 1177 non
778 1116 1028 1178 moleste
1057 1115 1264 1192 feram,
1323 1117 1652 1177 Enumerat
1681 1115 1918 1190 multoS,
1949 1115 2128 1194 idque
2158 1116 2324 1194 quasi
2357 1125 2609 1192 constet,
2660 1127 2717 1176 10

450 1200 741 1262 rationem
787 1219 899 1262 cur
926 1202 1007 1263 ita
1037 1203 1139 1264 fiat
1169 1204 1377 1264 adfert.
1468 1201 1639 1273 Quod
1685 1200 1734 1262 si
1763 1208 1927 1262 tanta
1978 1201 2063 1262 vis
2108 1209 2198 1262 est
2241 1200 2314 1261 ad
2343 1200 2607 1262 habitum

450 1286 666 1348 mentis
695 1287 758 1347 in
791 1286 880 1360 iis,
913 1305 1064 1367 quae
1087 1289 1420 1368 gignuntur
1448 1287 1510 1348 in
1544 1304 1902 1365 corpore—
1924 1305 1991 1348 ea
2013 1295 2155 1348 sunt
2175 1296 2391 1361 autem,
2422 1305 2610 1365 quae-

450 1389 708 1451 cumque
752 1381 927 1454 sunt,
975 1392 1125 1451 quae
1168 1372 1615 1436 similitudinem
1661 1372 2023 1446 faciant—,
2067 1371 2213 1432 nihil
2242 1372 2613 1434 necessitatis

449 1456 662 1532 adfert,
692 1475 802 1518 cur
832 1468 1156 1521 nascantur
1183 1460 1384 1534 animi,
1416 1457 1771 1520 similitudo.¹
1790 1445 1829 1500 ’ἡ
1830 1456 2055 1518 Omitto
2085 1456 2610 1518 dissimilitudines.

450 1541 674 1624 Vellem
704 1542 906 1604 adesse
936 1552 1139 1624 posset
1167 1544 1487 1605 Panaetius
1506 1577 1590 1586 —
1612 1519 1781 1620 vixi(
1799 1560 1936 1603 cum
1966 1542 2245 1603 Africano
2271 1576 2351 1587 —
2376 1560 2393 1617 ;
2426 1560 2608 1622 quae·
2660 1551 2717 1600 15

449 1645 646 1688 rerem
676 1646 748 1688 ex
779 1645 850 1688 eo
882 1628 1052 1689 cuius
1095 1646 1341 1690 suorum
1384 1627 1591 1689 similis
1635 1625 1841 1689 fuisset
1870 1628 2131 1689 Africani
2173 1627 2372 1689 fratris
2402 1646 2612 1707 nepos,

343 1458 402 1508 81

453 1810 584 1862 chen
620 1808 878 1872 Grunden,
922 1810 1120 1863 welche
1156 1812 1324 1863 einem
1361 1810 1478 1861 Pla-

454 1876 657 1930 toniker
691 1877 918 1944 geliiufig
952 1878 1063 1929 sein
1101 1878 1340 1931 mussten.

522 1948 569 1999 3.
614 1960 747 2010 quas
798 1949 845 1996 is
871 1975 932 1984 -
957 1950 1186 1998 semotas
1237 1963 1271 1997 a
1303 1951 1481 1997 mente

449 2017 624 2079 putat,
659 2013 814 2065 niiml.
852 2014 1029 2075 Plato;
1065 2030 1107 2080 s.
1147 2018 1230 2079 10,
1265 2018 1351 2068 20.

520 2085 568 2133 4.
623 2081 740 2132 Iam
783 2081 1005 2143 sodanu;
1058 2082 1337 2149 Ubergang
1388 2098 1478 2134 zur

453 2147 824 2216 Widerlegung
856 2149 947 2202 des
970 2153 1140 2202 ersten
1166 2151 1477 2217 Arguments

452 2216 551 2298 des·
591 2216 850 2270 Pauatius.
920 2218 1021 2298 ·(Es
1071 2218 1198 2270 wird
1244 2219 1334 2271 der
1380 2217 1478 2271 Be·

453 2284 1481 2421 3325..”351123.‘.1.:3.¹'.2zt⁰.⁸23¹.2:21¹1:31

456 2419 742 2488 gegrifl'en).

521 2492 570 2545 8.
605 2491 922 2542 Aristoteles
962 2491 1177 2557 quidem
1229 2493 1327 2542 ait.
1377 2486 1478 2542 ‘So

451 2575 496 2612 z.
526 2557 581 2611 Β.
620 2565 737 2625 sagt
774 2556 943 2611 Arist?
990 2559 1116 2611 oder
1158 2555 1312 2625 ‘Sagt
1345 2559 1478 2611 doch

450 2622 529 2677 A?
605 2627 675 2680 So
711 2630 808 2692 48,
845 2629 966 2680 116:
1011 2627 1322 2679 Alcidamas
1365 2632 1484 2693 qui-

454 2694 598 2754 dem3
644 2694 701 2746 11.
744 2698 837 2760 14,
876 2697 968 2748 34:
1017 2696 1231 2747 Cretum
1266 2696 1482 2761 quidem

452 2762 617 2826 legen
664 2761 740 2814 111.
781 2765 862 2827 12,
899 2765 989 2815 273
1025 2763 1327 2830 Dionysius
1359 2767 1480 2829 qui·

452 2830 586 2893 dem,
610 2845 661 2882 u.
682 2832 731 2882 ὅ.
769 2859 833 2867 -
872 2829 971 2881 Zur
997 2829 1162 2881 Sache
1197 2845 1237 2883 s.
1261 2831 1478 2885 Aristot.

449 2894 708 2948 Problem.
730 2899 813 2962 30,
837 2900 879 2950 1.
920 2895 1033 2962 Vgl.
1064 2895 1182 2950 Sen.
1210 2896 1275 2948 de
1306 2905 1473 2967 tranq.

456 2969 548 3016 15:
613 2965 900 3016 Aristoteli
953 2965 1162 3016 nullum
1219 2981 1477 3031 magnum

449 3035 729 3161 53²3⁶⁷²i²⁴⁷¹²
757 3035 876 3083 sine
897 3035 1145 3085 mixtura
1181 3033 1478 3086 dementiae

479 3103 581 3154 uit.

522 3170 570 3220 9.
592 3168 902 3231 tardiorem,
922 3167 1031 3220 scil.
1052 3170 1251 3235 animo,
1276 3168 1475 3235 Gegen·

452 3239 561 3287 satz
573 3252 636 3288 zu
647 3238 964 3302 ingeniosus
996 3236 1123 3304 (νεὶ.
1148 3237 1210 3289 de
1238 3238 1387 3302 fans,
1404 3241 1471 3303 9).

452 3302 573 3356 Dal's
601 3304 777 3357 Cicero
813 3304 983 3357 dieses
1009 3304 1173 3357 Urteil
1207 3305 1334 3358 iiber
1362 3306 1473 3358 sich

452 3372 747 3426 nichternst
763 3373 938 3439 meint,
959 3372 1088 3438 liegt
1108 3373 1200 3425 auf
1217 3373 1306 3425 der
1317 3371 1478 3427 Hand.

523 3443 602 3494 11.
649 3445 913 3493 rationem
948 3456 1048 3491 cur
1082 3444 1163 3491 ita
1198 3440 1322 3502 fiat,
1358 3436 1479 3493 ‘den

449 3506 621 3559 Grund
637 3509 804 3562 dieser
814 3500 1196 3575 Erscbeinung'.
1209 3507 1326 3574 Vgl.
1340 3509 1477 3561 oben

454 3578 544 3641 13,
575 3579 640 3629 30
685 3593 784 3628 cm·
819 3605 883 3614 -
921 3577 1226 3643 credamus3
1280 3577 1475 3630 ebenso

451 3643 678 3695 nachher
711 3645 855 3695 nihil
874 3648 1218 3707 necessitatis,
1255 3660 1355 3695 cm·
1375 3661 1475 3697 na-

448 3716 674 3762 scantur
693 3715 887 3764 animi:
905 3707 1111 3764 ‘keinen
1131 3712 1474 3779 zwingenden

446 3777 655 3900 Jewgis
674 3780 761 3901 liiii·
779 3779 871 3832 das
888 3780 1167 3848 (zeitliche)
1186 3781 1468 3834 Entstehen

482 3862 537 3898 er
612 3863 671 3901 ee
694 3864 722 3900 e
744 3889 755 3901 .

1652 1813 1734 1863 12.
1771 1826 1835 1861 ea
1869 1816 2014 1875 sunt,
2049 1827 2156 1878 erg.
2185 1816 2268 1863 ita
2292 1816 2612 1878 comparata

1581 1877 1667 1930 od.
1710 1894 1773 1930 ea
1824 1883 2050 1945 natura,
2104 1880 2262 1933 daher
2305 1880 2396 1933 das
2440 1879 2612 1935 Relat.

1581 1946 1675 1997 mit
1710 1945 1825 1998 dem
1862 1944 2016 2012 Konj.

1654 2033 1733 2082 13.
1768 2030 1913 2081 nihil
1931 2034 2263 2083 necessitatis
2297 2030 2482 2093 adfert
2513 2031 2612 2085 lie·

1583 2098 1681 2151 fert
1716 2097 1903 2150 keineu
1941 2098 2280 2164 zwingenden
2316 2099 2507 2152 Grund.

1652 2195 1733 2248 15.
1777 2193 1924 2242 via-it
1957 2207 2078 2243 eum
2110 2190 2379 2252 Africano
2425 2193 2616 2246 driickt

1581 2259 1724 2311 nicht
1779 2259 1915 2311 blois
1960 2258 2433 2326 Gleicbzeitigkeit,
2488 2276 2613 2313 son·

1581 2327 1707 2379 dern
1776 2328 1859 2379 ein
1923 2327 2615 2382 Freundscbastsverhaltnis

1581 2410 1693 2449 aue.
1766 2395 1837 2448 So
1873 2397 1926 2448 in
1962 2395 2066 2448 Pis.
2103 2398 2196 2461 28,
2232 2398 2322 2450 68:
2371 2402 2449 2447 est
2485 2400 2612 2463 qui—

1582 2464 1706 2515 dam
1733 2463 1984 2529 Graecus,
2020 2467 2115 2530 qui
2149 2480 2271 2515 eum
2304 2468 2408 2517 isto
2443 2469 2613 2532 vivit3

1583 2531 1647 2583 de
1685 2548 1757 2585 or.
1793 2530 1873 2585 111.
1910 2534 1960 2598 3,
2000 2536 2079 2586 11.

1659 2628 1737 2678 16.
1791 2624 2050 2686 Africani
2081 2624 2279 2686 fratris
2310 2641 2496 2691 neposz
2549 2626 2612 2687 Q.

1581 2691 1771 2746 Fabius
1805 2692 2073 2757 Maximus,
2123 2693 2265 2745 Sobn
2302 2693 2393 2745 des
2429 2692 2487 2754 Q.
2513 2692 2613 2746 Fa-

1580 2760 1700 2813 bius
1734 2759 1988 2814 Maximus
2015 2760 2375 2828 Allobrogicus
2407 2762 2528 2824 (121
2560 2778 2611 2815 v.

1580 2828 1695 2881 Chr.
1731 2827 1964 2894 Konsul),
2000 2829 2159 2882 Eukel
2198 2829 2291 2881 des
2326 2828 2385 2890 Q.
2418 2828 2612 2881 Fabius

1578 2895 1712 2948 Max.
1748 2898 2062 2950 Aemilianus
2107 2897 2286 2961 (Kons.
2328 2898 2469 2962 145),
2512 2896 2611 2948 des

1579 2963 1800 3016 Bruders
1852 2981 1958 3018 von
2003 2965 2178 3033 Scipio
2221 2965 2377 3017 Afric.
2423 2965 2611 3019 minor.

1578 3031 1650 3096 (L.
1686 3033 1937 3086 Aemilius
1973 3032 2191 3100 Paulus,
2237 3034 2325 3086 der
2360 3032 2610 3100 Besieger

1578 3101 1670 3152 des
1716 3100 1960 3166 Perseus,
2014 3101 2157 3154 hatte
2201 3102 2419 3154 nimlich
2471 3103 2608 3153 zwei

1580 3168 1752 3220 Sobne
1788 3170 2004 3235 gebabt:
2046 3174 2092 3223 1.
2127 3169 2245 3233 deu,
2283 3170 2514 3222 welcben
2550 3169 2608 3222 P.

1578 3237 1844 3289 Cornelius
1878 3237 1964 3290 Sci
2003 3239 2072 3303 io,
2109 3237 2250 3290 Sobn
2286 3238 2378 3290 des
2413 3237 2610 3304 Africa·

1582 3320 1680 3357 nus
1715 3306 1892 3371 maior,
1928 3321 1955 3357 a
1996 3306 2232 3373 optierte,
2267 3305 2368 3357 den
2403 3305 2459 3357 P.
2485 3305 2609 3357 Cor-

1581 3372 1748 3424 nelius
1786 3373 1959 3440 Scipio
1997 3375 2312 3427 Aemilianus
2337 3373 2609 3425 Africanus

1580 3441 1770 3503 minor;
1807 3445 1856 3495 2.
1894 3442 2020 3506 den,
2064 3442 2299 3495 welchen
2333 3441 2391 3501 Q.
2418 3440 2609 3493 Fabius

1580 3507 1832 3562 Maximus
1868 3510 2173 3576 adoptierte,
2210 3510 2306 3562 den
2333 3508 2392 3568 Q.
2417 3508 2609 3561 Fabius

1577 3575 1830 3629 Maximus
1852 3578 2209 3642 Aemilianus).
2246 3577 2346 3630 Der
2382 3578 2491 3629 bier
2514 3591 2607 3642 ge-

1576 3645 1767 3698 meinte
1803 3645 1865 3707 Q.
1900 3646 2089 3699 Fabius
2124 3646 2378 3699 Maximus
2428 3644 2606 3696 wurde

1573 3729 1678 3766 von
1705 3714 2062 3781 Staatswegen
2097 3715 2174 3767 als
2197 3712 2608 3767 verschwender

1572 3786 1724 3833 unter
1741 3781 1949 3835 Kuratel
1976 3784 2187 3849 gestellt
2207 3782 2342 3846 (Val.
2368 3780 2498 3833 Max.
2520 3779 2604 3832 111.

1575 3853 1623 3913 5,
1648 3852 1715 3915 2).
