2834 4317
368 1583 426 1634 15

476 148 596 209 112

1216 149 1405 204 MBER
1439 149 1502 204 V.
1539 153 1691 216 5,14.
1728 154 1777 216 e,
1802 153 1879 203 15.

218 293 303 388 ><
323 298 371 357 Ο
456 310 534 385 ‘in
578 342 747 402 aqua,
778 325 863 387 sic
894 323 1230 386 Stoicorum
1260 323 1370 385 ista
1397 322 1586 402 magis
1615 330 1843 402 gustata
1874 340 2053 402 quam
2080 329 2279 419 potata
2308 322 2619 383 delectant.

456 408 644 470 ‚Velut
673 409 782 471 iste
813 410 1032 471 chorus
1072 410 1356 470 virtutum
1396 408 1459 469 in
1504 407 1774 470 eculeum
1805 407 2117 488 impositus
2157 408 2445 486 imagines
2474 426 2618 469 con-

473 494 662 555 stituit
699 504 838 556 ante
882 494 1085 556 oculos
1125 512 1261 556 cum
1303 492 1661 573 amplissima
1691 493 2005 572 dignitate,
2047 500 2117 553 ut
2158 494 2227 554 ad
2274 510 2372 554 eas
2402 493 2622 556 cursim

474 588 820 659 perrectura
861 598 974 641 nec
1019 597 1116 641 eas
1161 579 1334 640 beata
1377 579 1491 639 vita
1535 596 1566 637 a
1617 597 1681 640 se
1723 578 1986 640 desertas
2036 595 2279 657 passura
2327 577 2619 655 videatur3

477 683 611 725 cum
643 673 841 725 autem
885 664 1146 725 animum
1185 664 1257 725 ab
1290 665 1398 725 ista
1440 662 1673 743 pictura
1714 663 2189 743 imaginibusque
2232 663 2512 724 virtutum
2555 664 2626 724 ad
2665 673 2691 723 5

470 767 599 810 rem
628 750 1051 827 veritatemque
1096 749 1454 822 traduxeriS,
1500 748 1615 809 hoc
1662 748 1887 810 nudum
1926 748 2314 828 relinquitur,
2358 748 2623 829 possitne

376 853 432 903 14
476 835 608 913 quis
635 834 844 896 beatus
875 853 1021 909 esse,
1061 852 1237 913 quam
1266 834 1365 895 diu
1394 841 1784 912 torqueatur.'
1824 834 2015 905 Quam
2047 833 2122 894 ob
2155 852 2281 895 rem
2308 835 2426 895 hoc
2457 852 2624 895 nunc

474 938 857 999 quaeramus;
889 919 1132 980 virtutes
1161 927 1357 981 autem
1388 919 1513 981 noli
1542 918 1733 981 vereri
1766 937 1841 979 ne
1871 919 2248 998 expostulent
2277 927 2336 979 et
2364 937 2625 998 queran-

474 1013 575 1065 tur
601 1023 663 1065 se
694 1023 728 1064 a
769 1005 938 1066 beata
975 1005 1090 1066 vita
1131 1022 1261 1067 esse
1306 1005 1561 1066 relictas.
1623 1004 1686 1065 Si
1715 1003 1876 1065 enim
1907 1004 2068 1066 nulla
2094 1005 2283 1065 virtus
2310 1005 2627 1084 prudentia

474 1097 664 1164 vacat,
709 1089 1024 1169 prudentia
1067 1090 1194 1170 ipsa
1239 1089 1356 1151 hoc
1403 1089 1581 1163 videt,
1629 1108 1752 1150 non
1799 1089 1993 1151 omnis
2037 1089 2231 1151 bonos
2276 1108 2403 1151 esse
2447 1090 2628 1150 etiam
2673 1097 2723 1149 10
2783 1135 2784 1150 .

474 1174 707 1249 beatos,
750 1175 1054 1254 multaque
1085 1176 1157 1236 de
1187 1175 1264 1236 M.
1296 1175 1506 1247 Atilio,
1550 1175 1621 1246 Q.
1655 1174 1982 1253 Caepione,
2025 1175 2123 1236 M’.
2156 1175 2388 1253 Aquilio
2418 1192 2624 1235 recor-

473 1261 664 1334 datur,
708 1260 1059 1341 beatamque
1102 1261 1311 1334 vitam,
1356 1260 1409 1321 si
1452 1259 1807 1339 imaginibus
1850 1260 2048 1339 potius
2089 1260 2175 1321 uti
2220 1278 2397 1338 quam
2438 1258 2625 1322 rebus

472 1345 613 1426 ipsis
656 1346 879 1425 placet,
939 1355 1252 1407 conantem
1300 1345 1388 1405 ire
1446 1345 1507 1406 in
1555 1344 1824 1406 eculeum
1877 1344 2097 1406 retinet
2138 1345 2265 1425 ipsa
2306 1345 2627 1425 prudentia

475 1439 767 1510 negatque
799 1432 854 1492 ei
884 1450 1021 1492 cum
1049 1430 1253 1492 dolore
1284 1438 1342 1491 et
1371 1429 1636 1491 cruciatu
1670 1431 1987 1509 quicquam
2011 1448 2139 1492 esse
2170 1435 2503 1492 commune.

638 1515 720 1577 M.
795 1516 988 1578 Facile
1031 1516 1225 1596 patior
1283 1524 1341 1576 te
1384 1516 1497 1576 isto
1553 1515 1730 1576 modo
1786 1533 1994 1594 agere,
2053 1515 2162 1577 etsi
2218 1516 2490 1594 iniquum
2536 1524 2628 1577 est
2674 1527 2725 1576 15
2785 1501 2788 1604 1

470 1600 876 1681 praescribere
903 1601 1049 1663 mihi
1079 1610 1136 1663 te
1166 1619 1343 1681 quem
1376 1601 1449 1662 ad
1490 1599 1731 1662 modum
1764 1619 1799 1661 a
1839 1619 1933 1661 me
1974 1600 2261 1681 disputari
2288 1601 2447 1663 velis.
2502 1601 2626 1663 Sed

471 1716 1491 1851 555353322‘..tutatutaaffulta:

471 1866 530 1905 so
545 1854 713 1918 wenig
731 1854 940 1918 geignet
957 1853 1089 1915 sind,
1107 1852 1184 1905 als
1203 1852 1285 1905 die
1294 1852 1491 1905 Lehren

471 1919 560 1972 der
594 1918 802 1973 Stoiker
836 1921 904 1971 im
941 1920 1265 1988 praktischen
1301 1920 1489 1973 Leben.

541 1989 591 2042 2.
620 1987 794 2040 Velut.
823 1981 919 2040 ‘So
948 2004 991 2040 z.
1009 1987 1068 2041 B.
1100 1979 1297 2055 gleich’
1315 1989 1490 2053 (wenn

470 2070 587 2107 man
624 2070 716 2109 aus
751 2056 1013 2109 melu-eren
1051 2055 1341 2124 Beispielen
1379 2057 1490 2108 eins

470 2123 696 2189 beliebig
716 2163 730 2190 ,
788 2124 893 2176 und
948 2140 1086 2176 zwar
1139 2124 1229 2177 das
1284 2125 1489 2177 nachst·

470 2191 723 2314 lligggrgde,
761 2193 1051 2260 auswahlt).
1090 2192 1206 2260 Vgl.
1246 2197 1327 2260 10,
1347 2195 1410 2247 28
1437 2209 1488 2246 u.

539 2298 552 2324 2
652 2297 667 2314 Ο

536 2332 635 2380 iste
663 2331 858 2381 chor-us
897 2333 1179 2382 virtutum.
1251 2330 1319 2383 So
1356 2330 1488 2382 auch

470 2397 533 2450 de
554 2396 638 2450 off.
656 2398 733 2449 111.
752 2399 834 2463 33,
858 2401 980 2451 116:
1016 2400 1141 2451 huic
1166 2398 1356 2451 talium
1379 2401 1492 2451 vir-

468 2471 642 2518 tutum
678 2469 858 2519 choro.

538 2538 586 2589 3.
621 2550 742 2586 cum
775 2534 1007 2601 ampliss,
1045 2534 1173 2600 dig„
1211 2534 1316 2601 vgl.
1353 2550 1417 2586 zu
1454 2534 1490 2588 1.

467 2606 551 2668 45,
589 2605 714 2656 109:
751 2618 870 2654 cum
902 2601 1146 2663 fortuna.

539 2674 584 2724 4.
620 2687 720 2722 nec
750 2677 842 2721 “eas
878 2673 1032 2722 beata
1065 2674 1209 2722 vita:
1244 2671 1362 2723 eine
1396 2685 1491 2722 un-

468 2753 666 2805 genaqe
704 2737 1101 2805 Wortstellung;
1151 2738 1282 2792 doch
1330 2736 1492 2791 findet

471 2808 581 2859 sich
603 2805 884 2858 Ahnliches
918 2805 1047 2859 auch
1084 2807 1148 2858 de
1175 2823 1247 2859 or.
1267 2806 1302 2858 1.
1324 2809 1377 2869 4,
1398 2809 1490 2860 13:

468 2875 549 2926 Ac
565 2890 632 2925 ne
649 2874 791 2925 illud
807 2874 1020 2940 quidem
1036 2889 1160 2925 vere
1177 2875 1288 2925 diei
1299 2878 1495 2941 potest,

470 2946 568 2993 aut
593 2942 782 3007 plures
817 2943 1009 2993 ceteris
1043 2942 1289 3008 (artibus)
1322 2943 1495 2994 ineer-

468 3012 585 3061 vire
609 3038 675 3047 —
700 3014 798 3060 aut
814 3012 1072 3075 praemiis
1095 3010 1170 3060 ad
1186 3011 1494 3076 perdiscen-

471 3078 598 3130 dum
634 3078 985 3143 amplioribus
1021 3082 1354 3130 commoveri.

537 3146 788 3197 desertas.
811 3144 884 3197 Da
892 3149 934 3197 ts
949 3145 1089 3198 diese
1104 3146 1251 3199 Form
1273 3147 1404 3200 auch
1413 3148 1492 3200 als

470 3213 609 3268 Part.
636 3213 812 3280 haufig
847 3214 1130 3280 gebraucht
1164 3215 1312 3280 wird,
1348 3216 1491 3268 nicht

472 3283 607 3335 bloss
632 3282 710 3335 als
729 3282 863 3348 Adj„
889 3282 1109 3337 beweist
1125 3284 1328 3337 sowohl
1348 3283 1491 3336 diese

473 3351 634 3404 Stelle
670 3351 747 3403 als
785 3351 915 3403 auch
953 3351 1089 3403 viele
1126 3352 1330 3417 andere,
1365 3367 1409 3404 z.
1432 3352 1489 3405 B.

467 3420 523 3471 in
542 3419 685 3474 Verr.
701 3418 762 3472 V.
782 3423 864 3487 51,
888 3422 984 3474 135
1002 3442 1015 3482 ;
1039 3419 1170 3473 Phil.
1188 3420 1308 3474 Vm.
1329 3424 1378 3484 7,
1398 3423 1488 3482 22;

470 3487 534 3539 de
559 3488 659 3542 div.
678 3488 733 3540 11.
755 3491 837 3553 69,
862 3491 988 3548 143;
1026 3488 1090 3542 de
1117 3488 1202 3542 off.
1227 3488 1262 3541 1.
1289 3491 1337 3554 9,
1358 3490 1423 3541 28
1438 3487 1491 3542 ff.

472 3554 590 3621 Vgl.
625 3556 755 3608 auch
790 3562 949 3609 unten
986 3560 1069 3622 31,
1101 3560 1181 3611 87.

542 3626 589 3675 5.
623 3625 698 3675 ad
728 3640 842 3674 rem
875 3629 1275 3692 veritatemque.
1319 3625 1389 3676 So
1426 3623 1490 3686 de

473 3694 600 3743 orat.
626 3690 661 3743 1.
685 3695 766 3754 17,
786 3694 877 3743 77:
909 3694 1182 3744 videamus
1204 3708 1273 3743 ne
1290 3693 1414 3759 plue
1440 3697 1493 3744 ei

474 3760 697 3877 tribue?
734 3774 892 3824 quam
925 3776 1011 3811 res
1047 3765 1101 3811 et
1130 3763 1333 3812 veritas
1367 3763 1487 3827 ipsa

471 3843 630 3879 conce
669 3831 741 3881 at.

1664 1719 1714 1770 6.
1768 1719 1867 1768 hoc
1917 1717 2122 1767 nudum
2158 1718 2243 1781 (=
2282 1717 2480 1767 solum:
2538 1716 2625 1769 die

1594 1784 1760 1837 blosse
1781 1785 1962 1851 Frage)
1980 1786 2325 1851 relinquitur,
2345 1784 2445 1837 wie
2472 1783 2626 1838 ovid.

1593 1851 1727 1906 Med.
1747 1853 1870 1906 Xlll.
1894 1855 2017 1906 159:
2036 1854 2188 1918 Ergo
2215 1868 2432 1919 operum
2453 1870 2625 1920 quou-

1594 1923 1706 1971 iam
1738 1921 1945 1972 nudum
1981 1925 2252 1973 certamen
2286 1923 2534 1974 habetur.

1664 1992 1712 2042 9.
1763 1990 1916 2041 nulla
1960 1993 2140 2041 virtus
2181 2019 2248 2028 —
2282 1994 2467 2056 vacat,
2513 1990 2623 2057 vgl.

1594 2056 1671 2109 111.
1691 2060 1738 2119 8,
1761 2061 1823 2109 17
1840 2078 1852 2109 :
1890 2073 2069 2109 omnes
2108 2059 2375 2123 (virtutes)
2399 2060 2549 2109 inter
2569 2076 2626 2110 ee

1594 2141 1769 2177 nexae
1804 2130 1858 2177 et
1890 2128 2114 2191 iugatae
2146 2130 2287 2177 sunt.

1667 2198 1748 2247 10.
1783 2197 1920 2259 ipsa,
1956 2209 1998 2246 s.
2036 2209 2101 2245 zu
2134 2193 2169 2245 1.
2208 2197 2290 2259 21,
2332 2198 2413 2248 49.

1597 2265 1747 2382 111112.
1772 2261 1925 2384 de9lgl.
1941 2264 2113 2314 Atilio
2124 2261 2383 2330 (Regulo),
2400 2277 2444 2315 e.
2456 2262 2521 2316 de
2536 2263 2626 2316 off.

1667 2398 1725 2463 Q.
1781 2368 2053 2451 'sommus
2118 2398 2309 2465 Caepio
2323 2437 2340 2464 ,
2402 2398 2492 2451 aer
2547 2398 2626 2452 als

1594 2465 1887 2519 Prokonsul
1933 2466 2017 2519 die
2053 2466 2295 2520 Schlacht
2335 2482 2504 2535 gegen
2539 2467 2625 2520 die

1596 2534 1833 2587 Gimbern
1867 2550 1949 2587 am
1984 2533 2261 2587 Rhodanus
2302 2539 2396 2589 105
2432 2535 2627 2601 verlor,

1597 2604 1769 2669 spiiter
1813 2603 1945 2656 auch
1992 2618 2174 2669 wegen
2222 2602 2624 2671 Tempelraubes

1596 2672 1718 2736 (106
1736 2672 1790 2723 ἰῐι
1808 2669 1999 2724 Tolosa
2017 2672 2182 2737 began
2220 2673 2307 2735 en)
2326 2671 2625 2739 angeklagt,

1597 2738 1851 2806 gesangen
1879 2744 2079 2806 gesetzt
2100 2755 2168 2791 un
2228 2740 2323 2792 mit
2345 2738 2625 2792 Konfiska-

1596 2807 1705 2859 tion
1741 2807 1909 2860 seines
1928 2807 2246 2876 Vermogens
2282 2824 2374 2859 zur
2390 2806 2627 2860 Verban-

1595 2875 2436 3013 ffugffif‘sstsszffltttxfflssff
2443 2875 2623 2997 {33:33

1597 3011 1680 3064 fur
1713 3011 2022 3078 unschuldig
2049 2984 2308 3078 g’ehalten.
2339 3058 2343 3062 .

1664 3080 1755 3133 Μ’.
1775 3081 2047 3146 Aquilius,
2068 3083 2162 3133 101
2189 3096 2239 3132 V.
2263 3080 2378 3132 Chr.
2403 3079 2621 3147 Konsul,

1597 3148 1760 3214 geriet
1810 3149 1983 3216 spater
2040 3148 2118 3200 als
2171 3150 2378 3214 legatus
2428 3163 2622 3199 consu-

1589 3217 1733 3267 -laris
1765 3216 1819 3267 in
1854 3215 1945 3268 des
1973 3215 2293 3268 Mithridates
2330 3215 2621 3282 Gesangen-

1598 3283 1782 3346 schast,
1816 3283 1907 3336 der
1942 3284 2095 3350 (nach
2131 3284 2352 3352 Appian)
2386 3284 2492 3336 ihm
2527 3299 2621 3351 ge-

1597 3352 1950 3405 schmolzenes
2006 3351 2139 3405 Gold
2203 3352 2257 3404 in
2309 3352 2407 3405 den
2458 3351 2622 3405 Mund

1597 3419 1791 3486 giessen
1828 3420 1963 3475 liete.
2016 3420 2124 3472 Auf
2142 3420 2230 3472 ihu
2264 3419 2471 3473 bezieht
2507 3420 2619 3473 sich

1596 3488 1728 3540 auch
1762 3489 1825 3541 de
1859 3490 1984 3557 imp.
2018 3488 2106 3540 Gn.
2144 3488 2323 3556 Pomp.
2359 3492 2406 3554 5,
2434 3491 2513 3541 11.

1667 3559 1747 3609 13.
1782 3561 1983 3609 retinet
2014 3559 2134 3622 ipsa
2166 3557 2473 3623 prudentia.
2519 3556 2618 3609 Die

1585 3623 1998 3693 -Wiederholung
2028 3624 2120 3678 des
2142 3624 2389 3690 Subjekts
2410 3626 2480 3677 ist
2503 3624 2619 3678 hier

1596 3691 1755 3744 durch
1798 3692 1880 3746 die
1916 3693 2196 3748 Rucksicht
2234 3693 2324 3747 auf
2354 3692 2619 3746 Deutlich-

1596 3758 1706 3813 keit
1744 3762 2037 3815 veranlasst.

1669 3832 1746 3884 15.
1781 3830 1971 3882 Facile
1999 3834 2199 3897 patior,
2235 3831 2334 3883 wie
2355 3830 2393 3882 1.
2419 3832 2502 3896 23,
2528 3834 2615 3886 55.

2779 1247 2787 1498 Ι

2788 1829 2790 1936 l
