2834 4317
355 969 413 1020 10

452 190 536 252 60
1277 191 1468 247 ussa
1501 190 1585 277 ιγ.
1622 195 1776 257 5‚10.

454 365 527 427 de
558 364 739 426 animi
769 363 1315 445 perturbationibus
1337 363 1659 444 disputant,
1689 382 1962 444 magnam
1993 373 2221 444 partem
2251 363 2312 426 in
2344 364 2436 427 bis
2464 384 2605 446 par-

455 450 670 512 tiendis
701 460 759 511 et
787 449 1142 512 definiendis
1186 449 1457 529 occupati
1486 457 1658 524 sunt,
1700 450 1797 511 illa
1829 468 2035 511 eorum
2066 450 2383 529 perexigua
2414 449 2605 512 oratio

453 544 572 609 est,
617 554 733 614 qua
763 535 1113 596 medeantur
1155 533 1367 596 animis
1410 553 1523 597 nec
1564 553 1666 597 cos
1707 533 2083 597 turbulentos
2112 552 2242 596 esse
2283 535 2606 615 patiantur,

453 620 830 701 Peripatetici
870 629 1064 682 autem
1097 620 1166 681 ad
1198 619 1519 700 placandos
1559 619 1790 682 animos
1830 619 2015 682 multa
2055 620 2360 693 adferunt,
2403 621 2607 701 spinas

453 705 751 787 partiendi
775 715 835 766 et
847 704 1170 767 definiendi
1192 705 1797 785 praetermittunt—‚
1823 703 2178 784 quaerebam
2203 705 2383 786 igitur
2403 716 2610 767 utrum
2652 716 2684 764 5

455 790 776 872 panderem
819 789 942 851 vela
989 790 1272 851 orationis
1299 791 1496 852 statim
1540 808 1613 851 an
1657 809 1784 853 eam
1827 800 1965 852 ante
1994 788 2301 870 paululum
2345 791 2609 853 dialecti·

457 894 667 938 corum
711 875 891 937 remis
932 875 1348 955 propellerem.
1418 876 1486 937 A.
1532 875 1653 937 Isto
1697 876 1874 937 modo
1917 892 2088 948 vero;
2142 874 2257 937 erit
2298 877 2456 938 enim
2490 877 2607 938 hoc

456 970 678 1035 totum,
725 960 881 1039 quod
914 978 1170 1039 quaero,
1211 979 1279 1022 ex
1329 969 1585 1040 utroque
1614 960 1953 1040 perfectius.
2013 960 2096 1022 M.
2126 958 2234 1022 Est
2275 960 2333 1023 id
2366 962 2605 1040 quidem

456 1045 708 1120 rectius,
753 1044 852 1108 sed
883 1053 1021 1125 post
1050 1045 1349 1127 requires,
1394 1045 1443 1107 si
1475 1045 1618 1124 quid
1658 1045 1838 1107 fuerit
1880 1043 2212 1108 obscurius.
2271 1047 2336 1108 Α.
2368 1046 2606 1108 Faciam

456 1130 763 1210 equidem3
820 1141 885 1191 tu
929 1138 1160 1205 tamen,
1208 1139 1274 1191 ut
1315 1130 1499 1203 soles,
1544 1131 1705 1192 dices
1747 1131 1855 1193 ista
1901 1129 2026 1210 ipsa
2070 1128 2323 1193 obscura
2368 1131 2606 1211 planius
2652 1139 2710 1190 10

455 1234 632 1295 quam
664 1216 948 1278 dicuntur
976 1234 1009 1277 a
1041 1215 1297 1278 Graecis.
1358 1215 1444 1277 Μ.
1474 1214 1683 1277 Enitar
1713 1215 2018 1296 equidem,
2059 1216 2163 1277 sed
2191 1215 2423 1278 intento
2453 1235 2608 1296 opus

454 1311 547 1363 est
566 1301 784 1373 animo,
815 1319 893 1365 ne
923 1301 1123 1362 omnia
1173 1300 1525 1372 dilabantur,
1554 1301 1603 1362 si
1633 1319 1819 1362 unum
1841 1300 2061 1380 aliquid
2090 1300 2380 1381 effugerit.

628 1386 954 1459 Quoniam,
984 1404 1139 1465 quae
1169 1385 1376 1447 Graeci
1407 1383 1608 1469 πάθη
1640 1396 1885 1460 vocant,
1917 1384 2091 1447 nobis
2120 1386 2605 1465 perturbationes

455 1472 736 1552 appellari
768 1470 953 1551 magis
980 1472 1174 1551 placet
1202 1489 1379 1550 quam
1409 1470 1686 1545 morbos,
1728 1470 1790 1532 in
1822 1470 1914 1533 his
1958 1470 2320 1550 explicandis
2347 1480 2608 1534 veterem

456 1556 611 1619 illam
657 1555 928 1635 'equidem
958 1556 1326 1637 Pythagorae
1355 1557 1646 1636 primum,
1689 1555 1826 1618 dein
1858 1556 2118 1618 Platonis
2161 1556 2610 1640 discriptionem
2654 1565 2714 1618 15

526 1691 575 1741 4.
595 1692 778 1756 spinas
792 1689 1078 1755 partiendi
1100 1693 1153 1739 et
1176 1688 1484 1753 definiendi.

455 1756 633 1809 Dieser
666 1754 934 1823 metapher
977 1755 1186 1808 bedient
1231 1757 1341 1810 sich
1378 1757 1482 1809 Cic.

457 1824 594 1877 oster
627 1824 679 1876 in
704 1823 882 1890 Bezug
905 1824 998 1876 aul*
1026 1823 1109 1877 die
1135 1823 1356 1878 Stoiker.
1412 1824 1484 1878 So

456 1891 521 1944 de
547 1890 637 1943 fin.
662 1891 744 1943 lv.
771 1894 854 1956 28,
875 1895 962 1946 79:
999 1893 1286 1944 Panaetius
1304 1922 1370 1931 —
1387 1910 1486 1944 nec

458 1960 752 2010 disserendi
786 1964 969 2027 spinas
999 1962 1273 2025 probavit;
1310 1961 1380 2015 ib.
1406 1960 1484 2013 111.

459 2031 506 2090 1,
527 2029 583 2080 3:
608 2027 912 2079 Stoicorum
930 2032 1107 2079 autem
1126 2045 1235 2079 non
1260 2032 1486 2096 ignoras

458 2111 616 2163 quam
640 2099 714 2146 sit
738 2096 929 2147 subtile
962 2096 1048 2147 vel
1078 2099 1351 2162 spinosum
1377 2113 1478 2163 po·

457 2168 565 2216 tius
599 2164 896 2216 disserendi
921 2180 1109 2229 genus.

527 2235 575 2287 5.
600 2225 946 2297 igitur‘also‚
985 2232 1084 2284 wie
1110 2227 1338 2300 gesagt',
1372 2233 1480 2300 vgl.

455 2299 492 2352 1.
530 2302 613 2362 28,
649 2303 729 2353 70.
788 2298 887 2353 Der
921 2299 1041 2353 Satz
1091 2299 1324 2353 schlietst
1369 2301 1480 2354 sich

456 2367 852 2422 anakoluthiscb
876 2384 925 2425 u.
945 2369 996 2421 in
1034 2384 1314 2436 genauerer
1347 2370 1481 2422 Aus-

456 2437 678 2502 ffibrung
713 2436 803 2489 der
835 2437 1288 2503 vorbergebenden
1318 2437 1480 2504 Frage

456 2511 584 2557 statt
635 2505 726 2557 des
778 2512 1084 2558 erwarteten
1137 2504 1477 2558 Nachsatzes:

454 2573 551 2625 illa
590 2575 830 2639 quaesivi
853 2588 916 2625 an
947 2572 1045 2625 den
1065 2572 1372 2626 Vordersatz
1396 2589 1479 2628 an.

523 2644 571 2695 6.
610 2641 1029 2707 dialecticorum,
1063 2641 1327 2694 Neutrum.

526 2714 572 2763 7.
611 2709 720 2760 Into
754 2710 911 2761 modo
936 2726 1063 2761 voro
1090 2701 1195 2774 ‘Ja,
1226 2709 1316 2761 auf
1336 2708 1479 2762 diese

456 2777 524 2840 (d.
551 2778 599 2831 h.
639 2777 721 2828 die
756 2776 986 2840 letztere)
1022 2779 1138 2829 Art’
1175 2781 1236 2841 (s.
1264 2793 1309 2830 z.
1333 2777 1369 2829 1.
1399 2781 1480 2842 11,

456 2847 558 2911 25).
627 2843 695 2895 Er
739 2844 837 2897 soll
881 2844 993 2896 also
1034 2844 1129 2896 mit
1164 2844 1261 2896 den
1310 2847 1480 2911 spinis

452 2912 730 2979 partiendi
783 2917 833 2963 el
884 2912 1172 2973 definiendi
1223 2912 1480 2978 beginnen

455 2983 776 3045 (orationem
846 2980 1249 3031 dialecticorum
1317 2985 1482 3032 remis

448 3065 556 3169 1312?
556 3046 930 3167 ‘322‘222232
952 3047 1482 3182 33323213222335

456 3186 591 3250 (vela
632 3187 894 3235 orationis
917 3183 1194 3250 pandere).

526 3256 573 3307 8.
627 3269 697 3304 eoe
747 3256 978 3318 utroque
1017 3243 1199 3304 ‘durch
1246 3251 1329 3305 die
1375 3252 1480 3304 An·

455 3320 715 3387 wendung
744 3319 919 3372 beider
941 3316 1261 3382 Methoden';
1300 3336 1356 3373 es
1392 3337 1481 3387 ge·

455 3390 573 3443 bort
597 3404 712 3442 zum
733 3388 957 3453 Subj.=
971 3404 1091 3443 cum
1113 3393 1219 3440 erit
1239 3405 1310 3441 σω
1332 3393 1482 3440 utro·

418 3510 422 3515 .
457 3475 557 3525 que
591 3473 664 3510 sc.
698 3460 947 3508 mixtum.

527 3530 607 3579 11.
641 3528 1161 3591 intento—animo,
1196 3525 1301 3591 vgl.
1337 3524 1393 3576 ll.
1431 3527 1479 3587 5,

459 3597 547 3647 15:
588 3597 870 3659 animoque
911 3594 1047 3644 mihi
1092 3609 1224 3660 opus
1259 3600 1339 3644 est
1369 3609 1480 3644 non

454 3666 806 3728 repugnante.

529 3732 610 3784 12.
633 3746 703 3780 ne
725 3731 903 3781 omnia
924 3729 1252 3782 dilabantur.
1303 3727 1376 3780 De
1392 3726 1481 3781 fin.

455 3797 533 3851 111.
571 3798 654 3863 22,
681 3799 746 3849 74
782 3796 933 3850 heisst
971 3812 1029 3849 es
1062 3812 1182 3848 vom
1219 3796 1482 3850 stoischen

458 3865 683 3934 System:
698 3865 1033 3918 admirabilis
1048 3868 1358 3930 compositio
1373 3866 1481 3917 dis·

1587 1690 1819 1757 ciplinae
1851 1690 2285 1756 incredibilisque
2311 1705 2393 1739 me
2426 1704 2611 1739 rerum

1588 1759 1763 1809 traxit
1787 1756 1937 1809 ordo.
1958 1786 2023 1795 -
2051 1756 2194 1820 Quid
2214 1773 2322 1808 non
2356 1760 2436 1807 sic
2459 1757 2615 1808 aliud

1586 1843 1656 1877 ex
1691 1826 1799 1877 alio
1834 1827 2086 1890 nectitur,
2119 1830 2197 1885 ul,
2230 1830 2280 1875 ei
2318 1824 2488 1876 ullam
2523 1824 2612 1874 lit-

1588 1900 1757 1946 teram
1779 1895 2026 1957 moveris,
2051 1895 2228 1944 labent
2251 1896 2466 1944 omnia?
2499 1891 2615 1944 Nee

1589 1967 1765 2014 tamen
1791 1964 2076 2027 quicquam
2104 1967 2196 2027 est,
2232 1961 2378 2027 quod
2408 1963 2617 2012 moveri

1626 2035 1767 2081 osse‘t.

1585 2048 1620 2097 p
1655 2102 1733 2152 13.
1779 2090 1945 2163 πάθη
1978 2124 2047 2135 -
2074 2099 2510 2162 perturbationes
2543 2124 2614 2133 —

1582 2168 1809 2218 morbos.
1863 2165 1976 2231 Vgl.
2013 2164 2090 2217 lll.
2127 2168 2175 2231 4,
2202 2168 2250 2219 7.

1654 2238 1734 2288 15.
1776 2235 2119 2302 Pythagorae
2151 2262 2219 2272 -
2253 2232 2493 2285 Platonis
2531 2233 2613 2284 da·-

1581 2299 2612 2435 fffitf²23²?''‘m.v1⁸1¹.;.l·.t2’{3823}ssss

1581 2438 1758 2491 Platos
1780 2437 2077 2505 Einteilung
2112 2436 2241 2489 aucb
2275 2436 2389 2489 dem
2416 2436 2607 2505 Pytha-

1583 2522 1734 2574 goras
1786 2506 1868 2560 bei
1912 2505 2077 2573 (Πίος.
2114 2506 2167 2558 1..
2197 2504 2316 2557 vul.
2348 2507 2415 2557 30
2462 2505 2609 2571 giebt

1581 2574 1830 2627 vielmehr
1864 2573 1941 2625 als
1976 2572 2410 2660 Pythagoreiscbe
2448 2572 2608 2624 Lehre

1581 2658 1672 2696 an:
1708 2639 1811 2707 τὴν
1832 2636 2141 2712 ἄνθρωπον
2168 2638 2350 2709 ψυχὴν
2384 2637 2607 2710 διαιρεῖ-

1581 2709 1724 2762 σθαι
1757 2709 1940 2781 τριχῇ,
1983 2708 2055 2763 εἵς
2088 2728 2150 2762 τε
2184 2709 2316 2762 νοῦν
2351 2711 2442 2760 καὶ
2477 2711 2606 2777 φρέ-

1579 2793 1677 2831 νας
1708 2780 1801 2829 καὶ
1832 2773 2046 2844 θυμόν·
2082 2777 2212 2830 mbr
2244 2777 2348 2845 μὲι·
2382 2765 2480 2829 οὖν
2514 2779 2606 2827 καὶ

1581 2841 1770 2913 θυμὸν
1820 2843 1960 2898 εἶναι
2011 2849 2104 2898 καὶ
2156 2846 2217 2898 ἐν
2267 2848 2380 2897 τοῖς
2429 2840 2608 2896 ἄλλοις

1584 2911 1771 2979 ζώοις,
1825 2916 2023 2984 φρένας
2075 2909 2137 2967 δὲ
2185 2907 2361 2980 μόνον
2410 2913 2472 2962 ἐν
2514 2907 2607 2963 ἆν-

1583 2977 1839 3049 apotome).
1901 2981 1994 3033 Die
2029 2980 2234 3034 Stoiker
2269 2979 2608 3033 andererseits

1585 3054 1801 3102 nahmen
1847 3050 1967 3102 acbt
2001 3049 2146 3103 Teile
2189 3048 2279 3102 der
2328 3048 2477 3102 Scele
2511 3063 2606 3099 an:

1582 3114 1651 3171 τὰ
1689 3115 1989 3182 αἰσθητικά
2018 3117 2122 3182 (die
2162 3117 2279 3170 runt
2310 3116 2502 3181 Sinne),
2537 3114 2606 3167 τὸ

1583 3183 1924 3255 φωνητικόν,
1957 3183 2023 3238 τὸ
2066 3181 2387 3257 γεννητικόν
2422 3189 2606 3251 (σπερ-

1580 3250 1834 3321 ματικόν)
1869 3253 1970 3305 und
1994 3249 2060 3306 τὸ
2097 3250 2445 3319 διανοητικόν
2468 3246 2606 3316 (ἡγε-

1582 3317 1845 3389 μονικόν),
1865 3321 1997 3373 ohne
2016 3321 2158 3376 diese
2168 3322 2418 3389 geistigen
2433 3319 2557 3372 Krfis
2556 3327 2605 3370 te

1585 3388 1766 3441 ortlich
1804 3404 1866 3440 zu
1892 3388 2151 3457 scheiden,
2187 3388 2289 3442 und
2316 3392 2604 3442 versetzten

1583 3456 1667 3510 die
1699 3457 2119 3511 Leidenscbal’ten
2155 3459 2206 3510 in
2243 3457 2341 3510 den
2365 3455 2607 3509 vernuns—

1584 3524 1723 3592 tigen
1744 3524 1876 3579 Teil.
1891 3551 1960 3565 —-
1980 3526 2155 3580 Cicero
2172 3526 2282 3578 also
2308 3524 2442 3591 lolgt
2460 3524 2605 3576 datin

1583 3592 1699 3646 dem
1719 3592 1883 3657 Plato,
1907 3592 2020 3646 dass
2038 3610 2094 3648 er
2111 3593 2193 3647 die
2213 3592 2362 3646 Secle
2381 3594 2433 3645 in
2453 3591 2605 3644 'einen

1581 3661 1938 3727 vernunltigen
1952 3661 2053 3714 und
2064 3664 2211 3715 einen
2223 3658 2607 3714 nichtverniinf—

1580 3729 1719 3795 tigen
1742 3728 1854 3781 Teil
1875 3729 2105 3782 scheidet
2129 3729 2231 3783 und
2255 3730 2501 3782 letzteren
2529 3728 2608 3779 als

1581 3796 1678 3850 den
1708 3797 1814 3849 Sitz
1839 3796 1931 3850 der
1952 3796 2133 3865 πάθη,
2149 3800 2608 3865 perturbationes,

1581 3866 1809 3928 ansieht;
1856 3867 1924 3917 im
1961 3867 2176 3934 fibrigen
2212 3867 2336 3919 aber
2371 3865 2609 3920 schliel'st
