2834 4317
980 170 1170 224 LmER
1204 170 1289 225 iv.
1325 175 1375 239 9,
1394 174 1477 225 22.
1516 175 1598 238 10,
1618 175 1700 226 23.
2338 172 2417 232 67

267 343 341 404 de
389 343 649 421 quodam
690 351 794 404 aut
834 342 1219 422 quibusdam,
1266 361 1416 423 quae
1448 339 1964 427 κατηγορήματα
1995 344 2286 406 dialectici
2315 365 2423 426 ap-

263 427 517 509 pellant,
565 436 633 488 ut
671 427 891 489 habere
933 428 1188 502 divitias,
1242 445 1455 507 capere
1495 429 1790 503 honoreS‚
1845 428 2171 509 indigentia
2218 448 2419 492 rerum

264 513 531 592 ipsarum
578 513 693 587 sit,
737 520 804 574 ut
846 513 1161 587 honorum,
1207 521 1274 573 ut
1316 512 1628 592 pecuniae.
1720 513 2000 574 Omnium
2045 524 2241 577 autem
2286 534 2425 595 per·
2467 524 2527 576 22

264 596 675 659 turbationum
707 599 932 658 sontem
965 616 1095 659 esse
1127 598 1332 659 dicunt
1362 600 1895 678 intemperantiam,
1937 616 2084 677 quae
2116 607 2206 661 est
2234 618 2267 660 a
2297 608 2422 662 tota

182 693 215 743 5
260 690 462 743 mente
505 679 563 765 [a
606 691 769 744 recta
810 677 1066 764 ratione]
1111 682 1364 744 desectio
1405 682 1494 743 sic
1538 700 1736 744 aversa
1766 701 1800 743 a
1828 683 2296 764 praescriptione
2327 704 2422 745 ra-

261 767 480 842 tioniS‚
527 775 594 827 ut
635 767 803 829 nullo
838 768 1017 829 modo
1047 767 1445 846 appetitiones
1473 767 1654 828 animi
1685 786 1798 830 nec
1828 769 1955 848 regi
1985 786 2097 829 nec
2127 770 2422 832 contineri

263 859 503 931 queant.
574 851 768 923 Quem
805 853 873 913 ad
919 852 1161 913 modum
1192 852 1371 931 igitur
1411 853 1804 931 temperantia
1834 854 1999 914 sedat
2028 854 2421 933 appetitiones

261 945 322 997 et
352 937 549 1010 efficit,
581 945 648 997 ut
677 955 778 998 eae
809 945 1005 998 rectae
1036 937 1249 998 rationi
1288 946 1557 1016 pareant,
1590 946 2018 1017 conservatque
2049 938 2420 1001 considerata

262 1021 478 1082 iudicia
508 1021 745 1093 mentis,
777 1022 862 1083 sic
891 1022 1031 1083 huic
1059 1021 1298 1083 inimica
1329 1022 1786 1101 intemperantia
1820 1040 2058 1083 omnem
2092 1023 2273 1085 animi
2302 1032 2423 1086 sta-

146 1116 216 1168 10
257 1114 386 1167 tum
418 1106 758 1181 inflammat,
794 1106 1132 1181 conturbat,
1164 1107 1399 1181 incitat,
1446 1107 1644 1185 itaque
1675 1114 1734 1167 et
1762 1107 2164 1186 aegritudines
2193 1118 2252 1170 et
2292 1127 2420 1170 me-

263 1199 359 1251 tus
389 1200 448 1252 et
476 1190 739 1269 reliquae
769 1191 1247 1271 perturbationes
1277 1209 1487 1252 omnes
1517 1191 1850 1271 gignuntur
1880 1210 1950 1253 ex
1981 1210 2069 1252 ea.

433 1275 623 1347 Quem
667 1276 740 1337 ad
787 1277 1062 1351 modum,
1110 1293 1247 1336 cum
1289 1275 1531 1354 sanguis
1574 1284 1896 1355 corruptus
1937 1285 2026 1338 est
2067 1286 2168 1338 aut
2207 1277 2418 1357 pituita
2451 1256 2525 1311 1⁰

263 1360 559 1422 redundat
578 1369 680 1421 aut
700 1360 853 1434 bilis,
885 1360 947 1421 in
973 1378 1229 1440 corpore
1258 1359 1456 1421 morbi
1488 1361 2041 1440 aegrotationesque
2072 1370 2420 1438 nascuntur,
2464 1338 2522 1387 ²³

264 1444 352 1505 sic
393 1463 704 1525 pravarum
751 1445 1104 1525 opinionum
1149 1445 1527 1507 conturbatio
1575 1453 1635 1506 et
1662 1447 1928 1525 ipsarum
1958 1446 2118 1506 inter
2147 1464 2210 1508 se
2241 1465 2423 1527 repu-

146 1539 219 1592 15
264 1530 510 1609 gnantia
552 1530 802 1592 sanitate
840 1531 1057 1611 spoliat
1085 1530 1349 1591 animum
1393 1529 1741 1609 morbisque
1771 1531 2098 1611 perturbat.
2163 1530 2252 1592 Ex
2282 1551 2421 1612 per-

265 1613 712 1677 turbationibus
755 1626 952 1677 autem
995 1615 1254 1695 primum
1299 1615 1492 1676 morbi
1530 1615 1964 1691 conficiuntur,
2011 1634 2163 1695 quae
2205 1626 2425 1679 vocant

262 1697 348 1759 illi
392 1696 774 1785 νοσήματα,
836 1718 1052 1779 eaque,
1112 1718 1266 1780 quae
1311 1708 1454 1761 sunt
1497 1700 1582 1761 eis
1625 1699 1851 1762 morbis
1894 1701 2222 1776 contraria,
2268 1719 2421 1781 quae

264 1782 489 1846 habent
550 1786 622 1847 ad
688 1804 785 1848 res
852 1794 1043 1847 certas
1103 1779 1368 1847 vitiosam
1440 1786 1814 1868 offensionem
1873 1793 2048 1864 atque
2098 1786 2418 1861 fastidium,

263 1868 484 1931 deinde
514 1875 960 1950 aegrotationes,
1004 1888 1157 1949 quae
1190 1870 1570 1949 appellantur
1598 1887 1630 1930 a
1662 1870 1876 1932 Stoicis
1904 1865 1989 1955 ἆῤ
2009 1867 2418 1953 (ωστήματα,

138 1965 218 2019 20
261 1953 471 2033 bisque
520 1955 659 2017 item
691 1955 998 2036 oppositae
1041 1955 1376 2016 contrariae
1409 1956 1770 2038 offensiones.
1845 1954 1976 2016 Hoc
2029 1974 2139 2017 oco
2168 1956 2419 2018 nimium

260 2137 530 2193 einerseits
582 2155 749 2207 genau
796 2154 1101 2206 genommen
1147 2139 1291 2193 nicht

228 2205 353 2270 ‘das
409 2206 602 2272 objekt
658 2207 850 2272 selbst,
909 2207 1131 2261 sondern
1189 2207 1289 2260 den

257 2273 434 2327 Besitz
487 2274 760 2329 desselben
812 2275 1124 2339 wunscben‚
1185 2274 1290 2327 und

258 2342 602 2396 andererseits
657 2344 964 2409 indigentia
1019 2344 1150 2395 auch
1204 2342 1290 2396 die

254 2408 567 2478 Bedeutung
610 2427 715 2466 von
758 2410 1137 2477 Bedfirftigkeit
1181 2411 1288 2475 hat,

254 2479 314 2529 in
349 2479 573 2532 welcher
607 2494 665 2533 es
705 2479 1036 2532 unmittelbar
1071 2479 1165 2531 aul·
1197 2478 1289 2531 das

255 2544 452 2611 objekt
474 2547 706 2615 bezogen
730 2546 862 2599 wird
891 2546 994 2600 und
1017 2547 1171 2600 keine
1194 2547 1288 2599 Art

255 2613 351 2665 der
386 2614 549 2667 libido
584 2616 672 2668 ist.

330 2686 376 2735 1.
421 2683 485 2733 de
531 2684 762 2749 quodam
805 2687 905 2733 aut
951 2682 1285 2748 quibusdam.

258 2748 334 2801 So
370 2748 434 2802 de
464 2751 571 2802 inv·
594 2750 650 2803 11.
677 2753 760 2816 54,
788 2753 910 2804 1622
949 2751 1013 2801 de
1049 2766 1153 2816 quo
1189 2750 1289 2800 ali-

255 2820 416 2869 euius
449 2823 549 2870 aut
582 2818 890 2885 aliquorum
939 2821 1051 2869 iam
1084 2822 1288 2869 senten-

253 2888 351 2936 tiis
386 2889 736 2938 constitutum
771 2890 862 2938 est.

329 2955 376 3008 2.
404 2955 711 3020 indigentia
728 2983 795 2993 —
813 2957 901 3019 sit,
933 2968 996 3004 zu
1033 2952 1125 3005 der
1147 2951 1288 3004 Wie-

253 3021 545 3089 derbolung
586 3037 692 3074 von
733 3024 808 3073 sit
847 3021 954 3087 vgl.
989 3020 1026 3074 1.
1063 3022 1156 3086 25,
1190 3023 1285 3073 60:

256 3089 410 3153 Quae
431 3092 506 3140 sit
527 3090 626 3142 illa
655 3093 737 3141 vis
773 3094 826 3140 et
858 3089 1001 3140 unde
1033 3091 1134 3149 eit3
1171 3087 1287 3139 ebd.

257 3159 347 3221 11,
369 3159 452 3211 23.

333 3227 412 3277 16.
435 3227 622 3291 morbi,
646 3240 783 3291 quae
799 3227 998 3276 vocant
1017 3223 1106 3273 ini
1127 3219 1289 3288 νοσή-

252 3310 427 3359 ματα,
443 3293 548 3360 vgl.
568 3293 602 3345 Ι.
626 3297 672 3356 1,
695 3296 716 3345 1
738 3312 751 3344 z
774 3291 953 3343 studio
972 3294 1285 3358 sapientiae,

254 3375 398 3426 quae
409 3361 755 3428 philosophia
773 3360 993 3412 dieitur.
1054 3358 1162 3410 Ans
1184 3357 1285 3410 den

249 3431 694 3495 perturbationes
722 3427 995 3480 entstehen
1018 3427 1287 3478 einerseits

253 3495 344 3548 die
361 3499 537 3547 morbi
552 3496 656 3550 und
674 3498 1092 3561 aegrotationes,
1109 3492 1287 3546 beides

250 3563 565 3616 krankhal'te
574 3562 1286 3631 Neigungenzubestimmten

251 3631 474 3698 Dingen,
510 3632 818 3685 andrerseits
841 3632 925 3684 die
954 3629 1290 3695 offensiones,

251 3700 567 3753 krankhafte
602 3700 975 3766 Abneigungen
1011 3712 1178 3764 gegeu
1201 3697 1290 3748 be-

253 3769 484 3822 stimmte
518 3768 699 3835 muge,
735 3767 818 3820 die
853 3781 947 3819 aus
981 3766 1291 3831 (aegritudo

254 3840 332 3903 u.)
364 3841 537 3888 metm
581 3836 951 3902 hervorgeben.
1020 3832 1168 3885 Nach
1201 3832 1292 3885 der

1391 2137 1839 2206 Unterscheidung
1861 2137 1951 2191 der
1976 2138 2195 2204 Stoiker,
2220 2141 2420 2194 welche

1392 2207 1496 2259 Cic.
1533 2206 1702 2258 selbst
1734 2207 1879 2259 nicht
1913 2206 2079 2272 vollig
2111 2208 2420 2261 verstanden

1356 2314 1365 2321 .
1389 2291 1455 2326 zu
1479 2274 1646 2327 baben
1667 2274 1883 2338 scheint‚
1908 2274 2136 2326 bernhen
2161 2274 2243 2326 die
2260 2271 2420 2340 νοσή-

1469 2359 1539 2393 τα
1550 2343 1762 2406 (morbi)
1774 2341 1867 2393 aul*
1873 2339 1963 2393 der
1970 2341 2322 2407 Unsahigkeit‚
2335 2342 2420 2397 die

1438 2408 1710 2475 ichtigkeit
1746 2408 1837 2460 der
1875 2409 2159 2461 erstrebten
2199 2408 2420 2474 Objekte

1390 2493 1455 2529 zu
1475 2477 1752 2543 erkennen‚
1772 2475 2016 2559 wahrend
2035 2475 2117 2528 die
2136 2471 2419 2558 ἆρῥωστή-

1386 2545 2421 2678 attaffiffl’fflmffl‚³:¹1:332

1389 2679 2420 2814 armarere{raaz-ezra

1387 2814 1812 2867 Leidenschal'ten
1823 2786 2421 2868 einenWiderstandent—

1426 2887 1816 2950 egenzusetzen,
1849 2882 1994 2935 ihren
2023 2882 2197 2935 Grnnd
2232 2884 2419 2937 baben.

1389 2898 1478 3003 gie
1501 2950 1615 3003 sind
1641 2951 1751 3003 also
1776 2951 1919 3003 nicht
1942 2951 2271 3018 (mentitam,
2299 2969 2423 3006 son-

1391 3019 1514 3070 dern
1579 3019 1816 3071 ualitativ
1837 3033 1941 3071 von
1969 3017 2212 3071 einander
2246 3025 2422 3073 unter-

1391 3086 1532 3139 schie
1569 3101 1634 3138 en
1699 3085 1805 3138 und
1869 3085 2104 3139 konnen·
2131 3101 2224 3139 aus
2270 3088 2421 3153 jeder

1392 3154 1659 3207 einzelnen
1694 3153 2057 3206 Leidenschal't
2102 3157 2419 3208 erwachsen.

1391 3221 1637 3274 Dasselbe
1650 3219 1949 3273 Verhfiltnis
1971 3220 2136 3273 findet
2156 3223 2419 3276 zwischen

1388 3291 1486 3342 den
1526 3289 1846 3352 offensiones
1878 3293 2020 3341 statt.

1473 3360 1553 3410 17.
1600 3373 1769 3442 eaque
1805 3349 1934 3408 ‘und
1981 3355 2275 3422 diejenigen
2321 3356 2420 3407 Zu-

1387 3423 1571 3477 stinde
1619 3454 1685 3463 —
1707 3464 1720 3476 .

1460 3496 1538 3546 18.
1575 3493 1651 3544 ad
1671 3509 1758 3544 res
1782 3496 2035 3543 cerlas—
2056 3491 2417 3557 offensionem,

1389 3561 1493 3613 wie
1513 3559 1589 3612 m.
1617 3564 1666 3622 5,
1682 3564 1751 3620 ,11
1781 3561 1971 3610 mentis
1994 3559 2069 3610 ad
2098 3561 2278 3611 omnia
2304 3575 2420 3611 eae-

1392 3631 1540 3680 citas.

1462 3698 1544 3749 20.
1569 3697 1758 3761 hisque
1781 3697 2072 3760 oppositae,
2094 3693 2259 3746 lokal:
2287 3687 2420 3746 ‘die-

1392 3779 1485 3883 ⁸33!
1528 3754 2220 3896 gegqufibggl'l38ecgqvgtrfriae
2256 3763 2420 3829 quali-

1471 3847 1549 3883 nv:
1603 3845 1668 3884 en
1729 3845 1757 3881 e
2088 3866 2103 3882 .

1936 3917 1966 3966 5
1981 3913 2012 3946 *
