2834 4317
146 1132 208 1186 10

144 1552 206 1607 15

144 1981 206 2034 20

141 2407 202 2459 25

161 2931 165 2935 ⁴
236 2949 320 3011 20,
357 2949 424 3000 46
462 2961 527 2998 zu
554 2949 753 3013 gloria.

964 185 1153 239 LIBER
1186 184 1270 238 IV.
1300 188 1383 253 28,
1402 188 1485 239 61.
1521 188 1605 252 29,
1624 188 1706 240 62.
2326 185 2403 244 91

247 358 487 439 proficit
523 376 718 438 neque
764 365 854 420 est
896 358 969 419 ad
1013 359 1220 437 volgus
1265 358 1613 420 adhihenda.
1687 357 1984 430 Quaedam
2024 369 2221 423 autem
2267 370 2412 425 sunt
2451 371 2508 422 61

250 442 669 525 aegritudines,
701 461 846 523 quas
885 443 1076 505 levare
1106 443 1202 505 illa
1233 443 1525 505 medicina
1556 443 1721 505 nullo
1752 444 1928 506 modo
1959 447 2179 525 possit,
2212 456 2308 521 ut,
2357 448 2408 510 si

252 530 386 610 quis
416 547 591 608 aegre
621 531 772 591 ferat
801 529 950 590 nihil
979 529 1040 590 in
1073 548 1138 591 se
1167 547 1294 590 esse
1323 528 1578 605 virtutis,
1612 529 1760 591 nihil
1789 530 1993 606 animi,
2026 531 2173 593 nihil
2205 532 2409 607 officii,

250 615 398 677 nihil
426 614 784 691 honestatis,
826 622 1076 694 propter
1104 615 1252 675 mala
1283 614 1334 676 is
1363 613 1604 692 quidem
1633 623 1912 694 angatur,
1955 617 2058 678 sed
2089 616 2198 677 alia
2226 635 2407 697 quae-

247 701 379 762 dam
419 699 495 761 sit
525 699 599 760 ad
627 718 764 761 eum
793 700 1155 761 admovenda
1185 699 1446 774 curatio,
1489 709 1551 762 et
1578 700 1710 762 talis
1742 700 1977 780 quidem
1996 745 2012 776 ,
2044 719 2193 780 quae
2222 703 2410 782 possit

248 803 380 848 esse
410 784 677 846 omnium
708 785 882 846 etiam
924 786 997 847 de
1033 784 1245 847 ceteris
1285 783 1467 847 rebus
1512 785 1978 865 discrepantium
2021 787 2407 867 philosopho-

249 889 402 932 rum.
463 870 627 931 Inter
656 871 850 932 omnis
881 871 1038 931 enim
1069 870 1390 932 convenire
1423 878 1662 950 oportet
1703 872 2137 934 commotiones
2175 872 2406 935 animo-

247 974 384 1018 rum
413 973 446 1016 a
476 964 635 1016 recta
666 955 897 1034 ratione
927 974 1158 1018 aversas
1203 974 1333 1018 esse
1362 954 1632 1030 vitiosas,
1677 964 1776 1030 ut,
1820 957 1995 1019 etiam
2041 958 2091 1019 si
2119 957 2213 1019 vel
2256 958 2407 1019 mala

252 1042 373 1103 sint
401 1040 516 1116 illa,
552 1059 703 1120 quae
726 1048 949 1102 metum
972 1040 1494 1121 aegritudinemve,
1525 1041 1616 1103 vel
1637 1040 1816 1116 hona,
1849 1060 1999 1121 quae
2023 1042 2407 1122 cupiditatem

249 1125 597 1187 laetitiamve
637 1134 943 1201 moveant,
985 1135 1184 1188 tamen
1215 1126 1291 1188 sit
1317 1126 1525 1188 vitiosa
1555 1128 1684 1206 ipsa
1713 1128 2054 1189 commotio.
2114 1127 2406 1191 Constan-

248 1219 369 1273 tem
399 1211 560 1273 enim
583 1211 876 1291 quendam
907 1212 1209 1285 volumus,
1259 1212 1557 1287 sedatum,
1601 1230 1869 1292 gravem,
1913 1213 2175 1274 humana
2206 1214 2408 1275 omnia

249 1304 634 1377 spernentem
664 1296 830 1358 illum
859 1314 1020 1372 esse,
1053 1315 1232 1376 quem
1272 1297 1718 1376 magnanimum
1749 1306 1808 1358 et
1850 1298 2065 1359 fortem
2092 1299 2284 1360 virum
2316 1299 2405 1360 di-

249 1382 455 1444 cimus.
517 1381 675 1443 Talis
715 1389 913 1444 autem
956 1400 1067 1443 nec
1110 1400 1385 1444 maerens
1424 1401 1537 1444 nec
1582 1382 1803 1444 timens
1846 1401 1959 1444 nec
2001 1383 2250 1464 cupiens
2292 1402 2405 1446 nec

249 1468 508 1547 gestiens
539 1485 669 1529 esse
693 1468 1005 1547 quisquam
1028 1474 1244 1547 potest.
1297 1466 1522 1528 Eorum
1547 1468 1706 1529 enim
1736 1468 1883 1530 haec
1907 1476 2065 1542 sunt,
2098 1468 2200 1549 qui
2224 1487 2402 1530 even·

249 1560 347 1614 tus
377 1554 668 1614 humanos
696 1553 1037 1632 superiores
1065 1571 1242 1632 quam
1272 1571 1413 1616 suos
1441 1553 1672 1614 animos
1702 1571 1831 1614 esse
1861 1553 2108 1616 ducunt.

419 1637 548 1709 Qua
577 1655 643 1698 re
674 1638 941 1700 omnium
968 1638 1496 1719 philosophorum,
1535 1646 1605 1700 ut
1633 1646 1771 1700 ante
1803 1639 1918 1701 dixi
1936 1685 1952 1714 ,
1982 1658 2103 1701 una
2130 1639 2280 1702 ratio
2315 1647 2408 1702 est

246 1723 542 1798 medendi,
574 1731 639 1784 ut
669 1722 835 1797 nihil,
868 1724 1040 1802 quale
1073 1724 1151 1785 sit
1170 1724 1332 1799 illud,
1362 1723 1521 1803 quod
1545 1723 1857 1803 perturbet
1887 1725 2167 1801 animum,
2197 1725 2298 1788 sed
2330 1725 2404 1787 de

246 1807 375 1887 ipsa
404 1807 481 1869 sit
508 1807 957 1889 perturbatione
987 1809 1324 1871 dicendum.
1383 1809 1591 1887 Itaque
1620 1809 1880 1890 primum
1922 1810 1984 1871 in
2017 1810 2144 1890 ipsa
2174 1810 2405 1891 cupidi·

249 1901 398 1968 tate,
439 1911 578 1955 cum
606 1893 664 1954 id
695 1893 888 1955 solum
917 1894 1128 1972 agitur,
1160 1902 1227 1955 ut
1257 1913 1325 1955 ea
1365 1894 1639 1967 tollatur,
1690 1914 1813 1956 non
1856 1903 1949 1957 est
1978 1897 2406 1974 quaerendum,

248 1977 476 2040 honum
499 1978 640 2040 illud
685 1997 878 2040 necne
908 1980 1010 2054 sit,
1055 1980 1216 2059 quod
1245 1978 1573 2042 lubidinem
1610 1988 1870 2054 moveat,
1912 1981 2014 2043 sed
2045 1981 2250 2044 lubido
2278 1982 2406 2063 ipsa

245 2063 511 2125 tollenda
542 2073 648 2139 est,
678 2071 746 2126 ut
771 2064 910 2141 sive,
945 2065 1105 2143 quod
1133 2066 1452 2128 honestum
1486 2073 1591 2141 est,
1623 2066 1682 2127 id
1712 2065 1789 2127 sit
1818 2084 2115 2127 summum
2155 2066 2401 2141 honum,

245 2149 368 2210 sive
410 2149 709 2229 voluptas,
752 2148 872 2211 sive
916 2150 1132 2212 horum
1176 2157 1500 2230 utrumque
1539 2151 1958 2226 coniunctum,
2002 2151 2122 2213 sive
2163 2152 2275 2212 tria
2304 2152 2405 2214 illa

245 2252 466 2315 genera
495 2233 810 2308 bonorum,
840 2243 1060 2311 tamen,
1098 2234 1275 2297 etiam
1305 2236 1356 2297 si
1383 2234 1616 2297 virtutis
1646 2236 1830 2315 ipsius
1857 2236 2267 2298 vehementior
2295 2255 2401 2317 ap-

243 2319 467 2399 petitus
495 2321 591 2394 sit,
629 2320 834 2381 eadem
863 2320 938 2382 sit
968 2319 1246 2382 omnibus
1275 2320 1349 2382 ad
1383 2320 1809 2382 deterrendum
1836 2321 2167 2382 adhibenda
2197 2322 2404 2383 oratio.

246 2404 529 2466 Continet
573 2413 767 2467 autem
799 2424 1037 2467 omnem
1068 2406 1434 2468 sedationem
1465 2406 1646 2467 animi
1675 2407 1934 2467 humana
1975 2406 2037 2467 in
2076 2416 2405 2486 conspectu

238 2490 430 2569 posita
462 2497 689 2565 natura,
721 2508 872 2569 quae
897 2509 1014 2571 quo
1044 2490 1274 2553 facilius
1304 2509 1582 2571 expressa
1609 2498 1907 2567 cernatur,
1939 2491 2286 2570 explicanda
2318 2501 2408 2554 est

237 2604 406 2658 denen
441 2606 517 2658 sie
553 2606 663 2659 sich
703 2607 990 2659 anwenden
1024 2606 1162 2660 lasst.

307 2674 694 2745 raroprpfieit
725 2670 820 2727 ‘sie
865 2675 1067 2741 schliigt
1101 2675 1268 2728 selten

238 2735 341 2795 an'.
413 2741 483 2794 So
515 2743 780 2809 proficere
814 2743 947 2795 auch
981 2759 1086 2797 von
1114 2743 1268 2796 witk-

234 2810 408 2863 lichen
443 2809 844 2865 Arzneimitteln.

306 2881 355 2933 3.
404 2877 582 2942 officii
612 2870 1039 2947 ‘Pflichlgefiihl'3
1076 2879 1180 2946 vgl.
1209 2878 1266 2936 Π.

2431 1607 2507 1662 29

2449 1689 2509 1738 62

1438 2609 1519 2661 22.
1580 2610 1688 2658 tria
1731 2606 1827 2658 illa
1877 2622 2082 2673 genera
2137 2610 2403 2660 bonorum

1369 2675 1439 2740 (d.
1484 2676 1535 2728 h.
1581 2675 1662 2727 ihr
1708 2674 1925 2741 Besitz):
1982 2675 2065 2727 die
2110 2674 2269 2729 Giiter
2313 2676 2407 2730 des

1369 2743 1599 2808 GeisteS,
1644 2743 1727 2796 die
1773 2743 1865 2795 des
1899 2742 2123 2811 Korpers
2167 2744 2273 2796 und
2321 2744 2405 2797 die

1371 2811 1605 2865 aursei-en
1630 2811 1755 2864 oder
1775 2811 2141 2878 Glficksgfiten
2168 2828 2208 2866 s.
2230 2811 2294 2866 V.
2320 2815 2403 2878 30,

1369 2881 1435 2934 85
1472 2880 1576 2932 und
1612 2882 1661 2946 8,
1697 2883 1779 2933 23.

1439 2949 1521 3002 23.
1559 2951 1723 3000 etiam
1756 2951 1806 2999 si
1837 2977 1906 2987 -—
1938 2951 2038 3000 sit:
2082 2948 2215 3001 auch
2253 2964 2406 3002 wenn

1374 3016 1460 3068 ein
1497 3017 1630 3069 allzu
1665 3016 2170 3069 leidenschaftliches
2195 3016 2407 3071 Verlan·

1376 3099 1476 3151 gen
1520 3085 1651 3136 nach
1696 3085 1786 3138 der
1832 3084 2048 3151 Tugend
2093 3085 2255 3139 selbst
2288 3102 2407 3139 vor-

1374 3151 1579 3205 handen
1615 3154 1779 3218 wiire,
1824 3152 1873 3206 d.
1910 3154 1961 3206 h.
2008 3169 2162 3206 wenn
2203 3169 2260 3207 es
2297 3155 2408 3207 sich

1376 3219 1555 3272 darum
1591 3220 1848 3273 handelte.

304 3018 354 3068 4.
388 3020 618 3081 propter
666 3016 808 3068 mala
861 3009 1065 3083 ‘wegen
1114 3015 1270 3068 wirk-

236 3083 399 3136 licher
433 3072 600 3136 Uhel'.

312 3153 358 3204 6.
385 3151 448 3202 de
478 3155 667 3203 ceteris
689 3153 863 3218 rebus,
889 3150 936 3203 d.
961 3151 1012 3204 h.
1038 3151 1167 3204 iiber
1189 3151 1273 3204 die

238 3219 475 3271 ausseren
498 3219 678 3286 Dinge‚
713 3220 841 3272 fiber
872 3219 1026 3272 deren
1053 3219 1197 3273 Wert
1218 3220 1273 3272 in

238 3286 338 3339 den
393 3287 660 3341 einzelnen
709 3287 1274 3355 Philosophenschulen

236 3354 603 3408 verschiedene
645 3356 927 3408 Ansichten
964 3355 1277 3412 herrschten.

313 3427 390 3477 10.
419 3423 756 3475 Constantem
774 3454 838 3463 -
860 3425 1140 3492 quendam,
1177 3426 1277 3478 wie

236 3490 293 3559 11.
328 3494 381 3557 4,
420 3494 509 3545 11:
547 3494 812 3545 excelsum
849 3493 1129 3559 quendam.

311 3561 392 3613 12.
415 3565 767 3626 spernentem,
791 3563 1012 3613 seltener
1044 3561 1121 3613 als
1147 3577 1271 3613 con-

236 3630 469 3680 temnere
505 3629 628 3694 oder
663 3630 930 3696 despicere
963 3646 1050 3680 res
1085 3631 1271 3683 huma-

233 3711 350 3748 nas.

305 3767 386 3819 15.
431 3767 736 3832 superiores
780 3781 938 3832 quam
975 3767 1090 3830 cet„
1134 3766 1182 3820 d.
1218 3767 1269 3819 h.

233 3832 437 3885 welche
459 3869 476 3886 .
513 3872 526 3886 .
552 3833 714 3885 hoher
747 3833 1060 3901 anschlagen
1084 3834 1161 3887 als
1187 3834 1269 3889 die

234 3898 430 3953 Wiirde
465 3901 603 3953 ihres
638 3900 856 3954 GeisteS.

1447 3291 1529 3343 24.
1578 3290 1652 3340 ad
1683 3290 2070 3353 dotet-rentum,
2114 3289 2269 3341 niiml.
2305 3305 2409 3341 von

1380 3358 1514 3422 dem,
1550 3372 1662 3410 was
1697 3358 1790 3410 das
1825 3357 2009 3410 Gemut
2043 3356 2408 3410 leidenschast-

1380 3426 1486 3478 lich
1521 3427 1703 3493 erregt.

1448 3494 1749 3546 adhibenda
1785 3496 1990 3557 oratio,
2025 3506 2068 3545 ε.
2104 3508 2169 3546 zu
2204 3495 2287 3556 27,
2324 3496 2406 3547 59.

1442 3565 1524 3615 25.
1549 3565 1609 3613 in
1633 3562 1915 3629 conspectu
1939 3563 2137 3628 posita,
2174 3561 2233 3614 ds
2248 3561 2297 3614 h.
2323 3560 2407 3614 die

1371 3628 1681 3697 Darlegung.

1444 3700 1525 3752 26.
1563 3715 1813 3764 eoepressa
1834 3693 2030 3750 ‘scharf
2048 3696 2408 3766 ausgepriigt’3

1371 3766 1477 3833 vgl.
1515 3766 1551 3819 Ι.
1590 3768 1674 3832 26,
1719 3768 1809 3820 65:
1846 3770 2202 3832 eoepressimus
2245 3783 2296 3821 u.
2332 3767 2409 3819 111.

1375 3837 1424 3898 2,
1460 3836 1509 3888 3.
1566 3833 1641 3887 Zu
1686 3838 1980 3886 eommunis
2015 3836 2258 3887 condicio
2300 3835 2410 3887 lex·

1375 3915 1477 3969 ‘que
1511 3905 1656 3954 vitae
1686 3903 1794 3969 vgl.
1819 3902 1904 3955 nl.
1942 3905 2024 3969 16,
2061 3905 2145 3957 34.
