2834 4317
882 170 1072 223 Lmen
1105 170 1181 225 m.
1218 173 1405 238 33,so.
1429 170 1511 225 81.
1548 172 1632 236 34,
1651 172 1732 223 81.
2298 168 2375 226 51

231 345 402 406 illum
434 362 544 405 suo
573 343 792 405 iudicio
825 353 911 418 et,
946 344 1106 423 quod
1134 361 1198 405 se
1228 342 1308 403 ita
1336 350 1506 421 putet
1535 350 1814 422 oportere
1843 341 2066 416 facere,
2097 360 2381 405 maerere.

231 429 523 491 Nimirum
568 429 775 508 igitur,
821 438 888 489 ut
931 428 992 490 in
1038 427 1230 490 causis
1271 446 1395 489 non
1437 445 1672 506 semper
1714 427 1937 488 utimur
1979 427 2186 488 eodem
2225 437 2381 489 statu

229 548 317 560 —-
346 515 431 575 sie
461 514 622 575 enim
650 513 1015 594 appellamus
1045 513 1581 575 controversiarum
1612 529 1833 592 genera
1856 546 1962 585 -,
1992 513 2092 573 sed
2128 514 2197 574 ad
2229 521 2380 574 tem·

229 619 367 680 pus,
397 600 468 660 ad
493 598 931 660 controversiae
954 607 1248 672 naturam,
1278 599 1349 659 ad
1381 614 1698 677 personam
1728 598 2258 672 accommodamus»,
2290 599 2379 660 sie

149 698 183 748 5
235 686 299 746 in
326 684 696 764 aegritudine
718 684 998 745 lenienda
1020 701 1196 762 quam
1221 683 1472 762 quisque
1502 682 1871 743 curationem
1902 683 2166 762 recipere
2195 684 2382 763 possit

230 770 552 831 videndum
587 777 693 830 est.

408 854 522 915 Sed
553 853 752 915 neseio
776 870 897 931 quo
930 861 1103 932 paeto
1134 852 1206 913 ab
1238 871 1331 924 eo,
1362 852 1521 931 quod
1551 861 1675 913 erat
1706 870 1739 912 a
1767 862 1826 913 te
1856 852 2246 932 propositum,
2275 852 2380 914 ab·
2422 865 2484 918 80

231 939 450 1001 erravit
492 938 698 1000 oratio.
759 937 850 998 Tu
895 937 1054 999 enim
1085 939 1159 999 de
1189 937 1455 1018 sapiente
1485 937 1850 1015 quaesieras,
1894 937 1990 998 eui
2032 946 2135 998 aut
2163 937 2382 1000 malum

233 1024 423 1085 videri
453 1023 683 1085 nullum
708 1030 924 1103 potest,
955 1023 1115 1101 quod
1139 1031 1304 1083 vacet
1323 1022 1711 1103 turpitudine,
1744 1030 1844 1083 aut
1874 1022 1950 1083 ita
1980 1040 2226 1101 parvum
2257 1042 2381 1084 ma-

117 1121 182 1172 lo
227 1109 380 1181 lum,
409 1118 479 1170 ut
510 1108 569 1169 id
593 1107 882 1169 obruatur
901 1108 1187 1187 sapientia
1218 1107 1431 1187 vixque
1459 1116 1757 1188 appareat,
1788 1106 1891 1186 qui
1919 1107 2068 1168 nihil
2097 1108 2382 1187 opinione

233 1194 499 1273 adfingat
511 1194 899 1271 adsumatque
920 1192 993 1254 ad
1016 1193 1464 1271 aegritudinem,
1488 1211 1601 1254 neo
1623 1192 1680 1253 id
1703 1200 1872 1272 putet
1893 1211 2021 1253 esse
2043 1201 2292 1266 rectum,
2315 1213 2381 1256 se

239 1297 421 1359 quam
441 1279 692 1340 maxime
725 1277 1053 1340 excruciari
1080 1277 1364 1357 luctuque
1396 1277 1629 1351 confici,
1662 1295 1781 1356 quo
1812 1276 2048 1356 pravius
2077 1277 2222 1338 nihil
2253 1296 2384 1340 esse

236 1365 444 1443 possit.
512 1363 764 1425 Edoeuit
799 1372 996 1425 tamen
1034 1363 1215 1437 ratio,
1249 1373 1316 1424 ut
1355 1363 1499 1424 mihi
1528 1362 1763 1441 quidem
1794 1362 2055 1436 videtur,
2101 1366 2239 1424 eum
2268 1364 2382 1424 hoe

233 1451 433 1530 ipsum
476 1448 720 1529 proprie
765 1467 892 1509 non
935 1456 1318 1526 quaereretur
1360 1448 1477 1509 hoc
1517 1457 1819 1526 tempore,
1861 1465 2005 1508 num
2036 1449 2193 1525 quod
2227 1457 2384 1510 esset

120 1547 181 1598 15
232 1536 479 1609 malum,
513 1534 627 1596 nisi
659 1535 818 1612 quod
862 1533 1021 1595 idem
1051 1533 1167 1594 dici
1206 1541 1382 1613 turpe
1426 1543 1661 1613 posset,
1705 1543 1902 1593 tamen
1934 1542 2002 1592 ut
2030 1532 2379 1608 videremus,

233 1619 523 1701 quiequid
553 1627 709 1681 esset
738 1618 799 1679 in
830 1618 1200 1697 aegritudine
1229 1617 1385 1693 mali,
1416 1617 1475 1678 id
1506 1636 1631 1679 non
1665 1616 1931 1678 naturale
1961 1635 2116 1689 esse,
2147 1619 2248 1679 sed
2275 1637 2382 1680 vo·

232 1704 499 1767 luntario
544 1703 759 1765 iudicio
803 1711 864 1764 et
907 1702 1207 1783 opinionis
1248 1721 1453 1765 errore
1483 1711 1872 1765 contractum.
1926 1701 2262 1763 Tractatum
2294 1712 2386 1766 est
2425 1714 2485 1767 81

231 1798 434 1852 autem
480 1808 512 1850 a
561 1788 734 1850 uobis
776 1788 836 1849 id
878 1806 1069 1868 genus
1113 1788 1526 1868 aegritudinis,
1570 1789 1726 1867 quod
1772 1804 1959 1849 unum
1997 1796 2084 1849 est
2114 1789 2382 1850 omnium

230 1892 609 1947 maxumum,
650 1882 718 1934 ut
760 1891 832 1933 eo
873 1872 1104 1934 sublato
1144 1874 1514 1953 reliquorum
1549 1873 1804 1935 remedia
1847 1891 1926 1934 ue
1954 1890 2169 1952 magno
2202 1891 2384 1954 opere

118 1973 185 2025 20
232 1959 577 2045 quaerenda
607 1958 1048 2020 arbitraremur.

407 2045 561 2106 Sunt
590 2043 750 2105 enim
779 2051 960 2116 eerta,
991 2061 1143 2122 quae
1181 2043 1256 2104 de
1302 2050 1681 2123 paupertate,
1724 2051 1903 2115 certa,
1947 2060 2100 2122 quae
2140 2044 2215 2104 de
2262 2045 2374 2106 vita
2407 2051 2488 2109 84

229 2131 593 2192 inhonorata
618 2137 676 2190 et
698 2127 950 2208 ingloria
972 2128 1087 2189 diei
1119 2129 1349 2189 soleant
1359 2146 1376 2203 ;
1408 2127 1723 2208 separatim
1755 2136 1949 2188 certae
1978 2128 2212 2189 scholae
2243 2138 2385 2191 sunt

229 2216 313 2277 de
341 2214 575 2289 exsilio,
608 2214 679 2275 de
709 2211 952 2274 interitu
982 2213 1224 2292 patriae,
1254 2214 1328 2274 de
1359 2212 1663 2283 servitute,
1695 2212 1768 2273 de
1798 2211 2115 2287 debilitate,
2145 2214 2217 2273 de
2248 2232 2381 2276 eae-

311 2352 356 2403 1.
378 2365 475 2399 suo
500 2348 723 2413 iudicio,
748 2346 853 2414 vgl.
876 2348 959 2412 28,
988 2348 1081 2410 66;
1105 2353 1264 2398 unten
1440 2349 1519 2399 14.
1542 2361 1672 2397 num
1697 2346 1858 2411 quod.
1878 2343 2227 2412 Vollstiindig:
2254 2364 2383 2400 num

230 2420 264 2482 ξ
300 2419 380 2470 80.
1400 2415 1513 2465 uod
1559 2414 1760 2464 malum
1819 2414 1919 2477 (ein
1972 2415 2384 2470 vermeintliches

307 2486 355 2536 2.
397 2484 577 2535 eodem
620 2486 784 2534 stam.
841 2481 1053 2546 Stoma,
1092 2481 1263 2546 jurist.
1415 2482 1519 2545 bel)
1554 2485 1687 2532 esset
1716 2482 1918 2532 malum
1951 2482 2055 2544 (ein
2091 2481 2384 2536 wirkliehes

228 2559 383 2605 term.
415 2552 584 2604 techn.
605 2574 676 2595 ε-
699 2553 1028 2614 constitutio,
1061 2543 1266 2615 arnicas,
1365 2538 1534 2613 mel),
1554 2550 1653 2600 wie
1672 2548 1797 2600 kurz
1815 2549 2001 2601 vorher
2017 2549 2051 2616 ξ
2069 2553 2157 2604 80:
2178 2555 2269 2601 eui
2285 2558 2385 2603 aut

228 2620 541 2674 bezeichnet
593 2618 690 2671 den
751 2617 1103 2685 Standpunkt,
1160 2632 1265 2669 von
1363 2618 1566 2670 malum
1608 2618 1785 2668 videm·
1826 2617 2034 2668 nullum
2074 2622 2253 2685 potest
2284 2626 2382 2672 eet.

235 2688 490 2740 welchem
525 2702 619 2738 aus
654 2688 769 2739 eine
797 2684 1143 2738 Rechtssaehe
1177 2686 1266 2738 be·
1438 2690 1517 2739 15.
1535 2690 1600 2736 ut
1618 2686 1916 2736 videremus
1933 2685 2002 2737 ist
2024 2701 2124 2737 von
2151 2687 2388 2741 Edoem't

231 2755 450 2810 handelt
473 2755 620 2810 wird.
649 2754 761 2820 Vgl.
787 2754 891 2806 Cic.
907 2753 1038 2821 Top.
1059 2756 1142 2818 25,
1166 2756 1249 2807 93.
1369 2759 1547 2805 tamen
1576 2758 1722 2804 ratio
1747 2754 2030 2820 abhfingig:
2057 2748 2197 2806 ‘eine
2222 2755 2386 2822 folge-

312 2828 360 2877 7.
405 2826 472 2876 ab
521 2839 582 2874 eo
605 2850 675 2862 -—
696 2825 985 2873 aberravit.
1050 2820 1151 2873 Das
1185 2838 1269 2873 ur·-
1368 2821 1586 2889 riehtige
1632 2820 1977 2887 Betraehtung
2030 2823 2119 2874 hat
2170 2839 2267 2875 uns
2318 2840 2383 2876 zu

233 2889 1265 3025 ffaeaeffitfsszmtssatm⁷>wzz²
1368 2881 2386 3025 {22{22⁸³322.303?3¹‘22.1255333.3152

237 3028 371 3079 tudo
396 3044 577 3081 neone.
637 3026 817 3079 Gioero
852 3025 943 3077 hat
978 3026 1100 3078 aber
1134 3026 1266 3077 nach
1367 3025 1807 3078 unterhroehenen
1855 3025 2225 3079 Konstruktion
2264 3029 2388 3081 wie-

236 3095 554 3162 Erledigung
586 3094 753 3147 dieser
778 3093 939 3159 Frage
974 3093 1105 3145 auch
1137 3094 1266 3146 fiber
1366 3093 1585 3146 derholt.

238 3164 328 3216 die
362 3162 621 3216 Ursaehen
663 3161 770 3214 und
811 3161 894 3214 die
929 3160 1265 3228 Behandlung
1440 3166 1519 3215 17.
1556 3163 1825 3227 opinionis
1858 3177 2057 3226 errore,
2098 3162 2200 3229 vgl.
2237 3179 2300 3216 zu
2336 3169 2385 3229 5,

239 3233 334 3285 der
349 3231 634 3298 aegn‘tudo
654 3230 988 3297 gesproehen.
1024 3258 1093 3268 -
1126 3230 1265 3281 Ahn—
1369 3234 1461 3283 11:
1504 3229 1928 3281 mediocritatem
1963 3228 2287 3292 officioram3
2335 3235 2385 3298 2,

238 3299 378 3352 liobe
413 3300 630 3351 Formen
667 3299 757 3351 des
792 3298 999 3349 reditus
1037 3298 1112 3348 ad
1134 3314 1267 3365 pro·
1366 3301 1425 3351 4:
1461 3313 1649 3349 omme
1682 3312 1883 3350 errore.

234 3370 507 3436 positum,-
553 3367 605 3418 in
650 3366 902 3418 welchem
951 3369 1130 3417 oratio
1179 3380 1266 3432 ge·
1440 3368 1523 3419 18.
1558 3366 1620 3416 ia
1646 3379 1820 3430 genus
1847 3365 2224 3429 aegritudinis.
2278 3365 2382 3418 cte.

241 3435 506 3488 wohnlieh
532 3432 904 3502 personifiziert
924 3433 1068 3499 wird,
1093 3432 1265 3486 finden
1369 3435 1529 3486 meint
1564 3431 1843 3485 besonders
1878 3430 1962 3483 die
1997 3431 2383 3486 Bektimmernis

240 3501 353 3556 sieh
389 3510 551 3556 unten
585 3500 670 3554 W.
703 3503 750 3565 2,
777 3505 830 3561 5;
869 3500 930 3552 V.
956 3503 1039 3565 23,
1075 3503 1164 3560 663
1203 3501 1266 3554 de
1367 3502 1496 3554 iiber
1520 3501 1617 3554 den
1644 3498 1757 3552 Tod
1780 3515 1991 3552 unserer
2005 3500 2381 3566 Angehorigen.

244 3589 319 3624 or.
353 3571 410 3624 11.
445 3573 528 3635 38,
558 3573 683 3623 157:
723 3570 828 3622 Sed
859 3575 922 3620 ut
955 3585 1018 3620 eo
1051 3585 1263 3620 revoee-
1367 3569 1505 3635 (Vgl.
1543 3570 1669 3635 Kap.
1706 3570 1772 3621 26
1808 3584 1856 3622 u.
1894 3569 1997 3631 27.)

245 3647 352 3705 tur,
375 3640 518 3690 unde
538 3640 642 3688 hue
661 3638 951 3689 declinavit
967 3640 1145 3688 oratio
1164 3642 1261 3690 eet.
1431 3653 1617 3690 unum.
1657 3634 1774 3702 Vgl.
1811 3651 1874 3687 zu
1909 3635 1944 3688 Ι.
1973 3638 2054 3702 12,
2091 3640 2180 3690 27:
2216 3654 2384 3689 uuum

317 3712 398 3761 10.
412 3704 1055 3771 obruatur(imVergleieh
1068 3706 1160 3757 mit
1172 3705 1263 3757 der
1363 3705 1521 3771 illud,
1554 3722 1604 3757 u.
1639 3703 1697 3757 11.
1735 3705 1818 3767 18,
1851 3705 1935 3757 43.

244 3774 442 3829 Weish.
475 3773 872 3838 versehwindet)
908 3810 922 3825 .
946 3813 960 3827 .
987 3777 1264 3840 appareat,
1437 3775 1515 3826 18.
1551 3777 1616 3823 ut
1649 3801 1713 3809 —
1749 3787 1833 3837 ne,
1867 3786 1910 3824 s.
1937 3788 2000 3823 zu
2024 3772 2061 3826 1.
2088 3774 2171 3837 32,
2196 3775 2276 3826 78.

242 3845 352 3910 vgl.
377 3844 432 3896 11.
453 3843 651 3908 27,66;
691 3844 785 3907 qui
919 3844 1115 3908 quippe
1151 3844 1262 3907 qui.
1435 3843 1517 3896 22.
1553 3841 1782 3905 scholae,
1817 3839 1923 3906 vgl.
1957 3839 1994 3892 1.
2013 3843 2110 3906 4,7
2134 3856 2184 3895 u.
2207 3844 2254 3894 8.

1901 3923 1979 3976 4*
