2834 4317
399 164 482 223 86
1103 163 1294 216 unse
1327 163 1365 217 1.
1403 166 1489 230 ae,
1525 166 1606 219 ss.
1646 167 1728 230 37,
1765 165 1850 217 89.

392 346 461 399 ut
482 337 721 412 sciatur,
754 336 894 416 quid
918 336 995 399 sit
1016 355 1230 410 carere,
1263 356 1341 398 ne
1373 336 1746 415 relinquatur
1776 334 1996 414 aliquid
2021 333 2244 395 erroris
2268 333 2328 395 in
2353 333 2561 396 verbo.

395 422 610 485 Carere
635 422 817 503 igitur
844 422 961 484 boc
990 422 1286 501 significat
1306 469 1322 497 ,
1370 440 1547 503 egere
1578 441 1648 483 eo
1666 467 1682 495 ,
1731 421 1888 500 quod
1920 420 2140 481 hahere
2169 418 2333 482 velis.
2394 420 2562 482 Inest

365 553 371 557 ·
397 508 556 569 enim
587 507 734 569 velle
762 507 828 569 in
859 508 1137 581 carendo,
1170 508 1284 570 nisi
1314 526 1451 569 cum
1481 507 1566 569 sic
1595 518 1897 586 tamquam
1924 507 1986 568 in
2012 505 2165 567 febri
2187 505 2422 579 dicitur,
2448 504 2560 567 alia

393 592 647 671 quadam
691 594 938 655 notione
982 591 1165 654 verbi.
1253 593 1486 655 Dicitur
1530 591 1691 655 enim
1737 592 1849 653 alio
1896 590 2073 652 modo
2120 591 2296 652 etiam
2339 609 2557 666 carere,

391 697 528 739 cum
558 678 776 757 aliquid
810 697 933 739 non
980 678 1197 740 habeas
1241 686 1301 739 et
1345 697 1469 739 non
1515 677 1735 739 habere
1779 686 1839 739 te
1883 676 2137 749 sentias,
2183 677 2357 737 etiam
2402 679 2452 739 si
2497 676 2559 737 id
2607 691 2640 739 5

388 763 558 825 facile
602 763 846 844 patiare.
906 763 991 825 [ta
1035 782 1229 826 carere
1272 764 1334 825 in
1380 771 1572 824 morte
1603 782 1726 825 non
1758 763 2003 838 dicitur;
2048 780 2162 823 nec
2207 761 2370 823 enim
2399 770 2559 824 esset

388 848 741 925 dolendum;
788 848 1003 910 dicitur
1032 849 1175 911 illud
1193 895 1209 923 ,
1256 850 1400 911 bono
1431 867 1640 924 carere,
1687 847 1850 927 quod
1897 855 1986 910 est
2031 847 2268 908 malum.
2328 846 2447 908 Sed
2479 867 2557 910 ne

383 934 549 995 vivus
580 934 818 1013 quidem
846 934 1008 995 hono
1040 943 1221 1008 caret,
1251 934 1300 996 si
1331 952 1404 995 eo
1438 953 1560 995 non
1587 934 1830 1013 indiget.
1894 932 2010 995 Sed
2039 931 2102 994 in
2129 934 2258 994 vivo
2287 932 2555 1011 intellegi

384 1027 583 1080 tamen
615 1027 842 1099 potest,
873 1037 1062 1098 regno
1091 1028 1150 1081 te
1182 1038 1387 1081 carere
1416 1054 1502 1065 --
1531 1020 1647 1081 dici
1677 1029 1877 1080 autem
1905 1019 2022 1080 hoc
2052 1018 2115 1079 in
2145 1027 2204 1080 te
2234 1017 2378 1082 satis
2407 1017 2552 1080 sub-

383 1104 568 1165 tiliter
599 1123 724 1166 non
767 1112 999 1185 potest3
1044 1112 1249 1185 posset
1278 1104 1340 1165 in
1372 1104 1720 1184 Tarquinio,
1768 1122 1905 1165 cum
1933 1122 2122 1183 regno
2155 1112 2311 1165 esset
2341 1104 2551 1183 expul-
2602 1115 2667 1166 10

384 1208 485 1251 sus
512 1225 592 1235 —
618 1235 634 1264 ‚
664 1199 724 1251 at
753 1190 814 1250 in
847 1199 1084 1251 mortuo
1115 1210 1192 1252 ne
1221 1190 1488 1269 intellegi
1512 1188 1785 1269 quidem3
1818 1207 2019 1251 carere
2050 1188 2210 1250 enim
2233 1188 2549 1251 sentientis

387 1283 497 1349 est,
528 1294 639 1336 nec
670 1294 883 1337 sensus
904 1275 966 1336 in
993 1283 1262 1338 mortuo:
1297 1295 1374 1337 ne
1399 1293 1601 1338 carere
1625 1275 1866 1354 quidem
1888 1274 2070 1353 igitur
2090 1275 2155 1335 in
2178 1284 2413 1335 mortuo
2437 1282 2545 1336 est.

281 1362 353 1417 37
558 1359 929 1440 Quamquam
960 1360 1103 1440 quid
1133 1380 1284 1441 opus
1315 1370 1404 1423 est
1425 1362 1488 1422 in
1514 1361 1629 1422 hoc
1650 1359 2076 1441 philosophari,
2107 1378 2244 1421 cum
2266 1377 2393 1420 rem
2410 1378 2545 1421 nou

283 1452 345 1505 89
391 1463 606 1525 magno
638 1465 819 1525 opere
847 1446 1223 1526 philosophia
1253 1465 1428 1526 egere
1459 1444 1803 1508 videamus?
1862 1445 2153 1517 Quotiens
2197 1464 2321 1506 non
2369 1444 2546 1506 modo

387 1530 664 1592 ductores
695 1531 903 1604 nostri,
933 1531 1037 1592 sed
1067 1533 1329 1593 universi
1360 1532 1539 1594 etiam
1564 1533 1858 1594 exercitus
1881 1532 1952 1592 ad
1981 1550 2103 1592 non
2128 1529 2367 1593 dubiam
2386 1548 2548 1592 mor·
2598 1541 2661 1591 15

383 1624 502 1677 tem
536 1616 1003 1676 concurrerunt!
1037 1615 1202 1686 Quae
1234 1618 1473 1695 quidem
1503 1616 1552 1678 si
1582 1617 1911 1690 timeretur,
1944 1635 2069 1677 non
2102 1616 2169 1678 L.
2200 1616 2418 1678 Brutus
2447 1634 2545 1677 ar-

382 1719 526 1762 cens
555 1718 692 1761 eum
722 1699 915 1761 reditu
945 1709 1287 1781 tyrannum,
1319 1718 1499 1780 quem
1540 1700 1667 1779 ipse
1699 1701 2027 1780 expulerat,
2057 1701 2118 1762 in
2143 1701 2375 1781 proelio
2398 1720 2545 1763 con-

380 1784 637 1860 cidisset,
670 1804 795 1846 non
829 1802 968 1845 cum
998 1784 1225 1847 Latinis
1254 1785 1568 1847 decertans
1613 1793 1783 1865 pater
1812 1786 2061 1860 Decius,
2109 1805 2247 1848 cum
2277 1786 2544 1849 Etruscis

379 1869 569 1943 filius,
614 1887 751 1930 cum
782 1868 1011 1949 Pyrrho
1042 1889 1233 1950 nepos
1261 1890 1328 1932 se
1367 1870 1631 1932 hostium
1658 1870 1791 1932 telis
1822 1870 2213 1947 obiecissent,
2261 1891 2386 1934 non
2418 1890 2541 1933 uno

379 1952 536 2014 bello
567 1973 678 2034 pro
709 1956 897 2033 patria
926 1954 1193 2018 cadentis
1222 1956 1535 2037 Scipiones
1562 1956 1848 2035 Hispania
1876 1956 2147 2032 vidisset,
2190 1957 2442 2020 Paulum
2485 1966 2545 2020 et
2589 1965 2653 2016 20

446 2138 496 2190 3.
532 2142 823 2204 tamquam,
859 2139 970 2191 hier
1004 2139 1106 2191 wie
1135 2139 1214 2193 111.
1238 2143 1319 2205 10,
1338 2142 1403 2194 23

379 2204 823 2271 u.V.5,13==ut;
852 2207 1046 2272 jedoch
1075 2208 1203 2260 wird
1230 2224 1286 2261 es
1309 2224 1406 2260 nur

269 2315 272 2322 ,
377 2272 546 2325 selten
580 2274 705 2337 (und
730 2275 865 2328 noch
888 2276 1115 2328 seltener
1139 2280 1315 2343 quasi)
1349 2277 1402 2328 in

378 2342 469 2394 der
493 2340 871 2409 Vergleichung
904 2359 1010 2396 von
1045 2350 1209 2398 etwas
1245 2344 1403 2397 That-

376 2410 687 2463 sfichlichem
711 2412 1010 2478 gebraucht.
1057 2413 1223 2478 Quasi
1238 2412 1403 2467 findet

375 2478 485 2531 sich
520 2479 573 2531 in
608 2479 776 2533 dieser
799 2480 1175 2535 Konstruktion
1199 2483 1308 2535 Cat.
1333 2498 1399 2535 m.

382 2550 526 2667 19,Ζὲ
537 2551 757 2667 ldicitur
790 2617 860 2667 ist
894 2594 1081 2669 carere
1118 2617 1261 2683 Subj.

444 2686 493 2735 5.
547 2699 657 2734 non
693 2686 888 2735 habeas
922 2691 1021 2737 cet.
1102 2685 1203 2737 Der
1245 2686 1399 2752 Konj.

374 2750 532 2814 steht,
556 2750 677 2802 weil
702 2751 861 2803 durch
885 2751 968 2804 die
992 2754 1179 2806 zweite
1205 2753 1397 2808 Person

374 2818 465 2869 das
489 2817 855 2870 unbestimmte
885 2818 1106 2885 Suhjekt
1130 2824 1289 2888 (man)
1313 2824 1401 2877 be-

373 2885 610 2937 zeichnet
646 2884 795 2938 wird.

444 2954 493 3005 6.
538 2953 623 3005 Ita
659 2969 845 3004 carere
887 2947 961 3007 ‘in
1007 2954 1202 3008 diesem
1239 2955 1399 3010 Sinne

372 3020 496 3085 (wie
531 3036 647 3071 man
685 3027 803 3086 sagt
839 3019 988 3082 febri
1022 3029 1224 3089 earet-e)
1269 3026 1398 3079 wird

372 3088 731 3140 entbehren
767 3089 909 3141 nicht
937 3091 1271 3145 hinsichtlich
1305 3092 1398 3147 des

371 3154 544 3209 Todes
579 3151 895 3224 gebraucht',
930 3158 979 3211 d.
1000 3159 1053 3212 h.
1071 3176 1177 3213 von
1211 3162 1395 3227 denen,

371 3224 569 3345 wellche
588 3241 691 3278 von
717 3225 885 3278 einem
909 3242 1097 3279 ear-ere
1118 3229 1210 3282 der
1227 3229 1394 3283 Toten

368 3308 424 3344 re
461 3309 544 3346 en.

438 3362 503 3413 In
527 3367 702 3414 morte
737 3363 988 3429 prignant
1023 3364 1103 3416 fiir
1135 3366 1198 3416 in
1221 3371 1393 3418 morte

368 3430 717 3564 ξιιζρὲέῖιέἑάηέἑ
757 3431 810 3482 in
857 3430 1055 3485 betreff.
1136 3433 1205 3486 So
1264 3436 1395 3488 auch

719 3516 770 3551 n·

436 3581 533 3616 nec
569 3568 709 3618 enim
760 3572 893 3619 esset
927 3569 1212 3621 dolendum
1258 3569 1393 3623 deun

366 3647 484 3684 man
523 3634 664 3686 hatte
700 3633 835 3687 dann
864 3634 1054 3689 keinen
1078 3636 1252 3691 Grund
1275 3654 1391 3691 zum

368 3700 662 3767 Bedauern,
707 3717 859 3756 wenn
894 3712 1011 3756 man
1049 3706 1273 3759 nfimlich
1306 3709 1390 3760 ein

364 3769 570 3822 solches
594 3770 901 3837 Entbehren,
939 3774 1038 3826 wie
1073 3773 1164 3827 das
1202 3791 1391 3827 carere

361 3835 526 3905 febri,
559 3838 765 3893 meinte.

1578 2143 1626 2193 7.
1652 2140 1858 2192 dieitur
1898 2155 1953 2192 es
1982 2140 2110 2193 wird
2135 2140 2186 2192 in
2212 2140 2349 2192 dem
2377 2141 2538 2194 Sinne

1507 2214 1708 2274 gesagt.

1577 2277 1724 2342 quod
1765 2283 1844 2328 est
1887 2276 2090 2328 malum
2135 2276 2260 2343 geht
2305 2276 2396 2329 auf
2438 2276 2539 2332 den

1505 2345 1836 2411 vereinigten
1864 2343 2062 2411 Begriff
2091 2347 2228 2396 bono
2266 2360 2468 2398 carere.

1575 2414 1626 2465 9.
1663 2429 1831 2479 regno
1870 2418 1923 2465 te
1958 2429 2158 2466 carere.
2233 2412 2341 2466 Wir
2374 2413 2536 2480 higen

1504 2480 1684 2533 hinzu:
1723 2498 1767 2534 z.
1792 2482 1870 2547 B.,
1908 2496 2015 2533 was
2050 2482 2120 2533 im
2145 2480 2252 2537 Lat.
2290 2483 2539 2548 gewohn·

1505 2548 1610 2600 lich
1646 2551 1788 2603 nicht
1823 2549 2171 2616 ausgedriickt
2208 2549 2355 2603 wird.
2414 2548 2534 2616 vgl.

1506 2617 1539 2681 ξ
1576 2618 1673 2670 85:
1709 2617 1974 2671 Metellus.

1575 2687 1657 2739 14.
1696 2686 1952 2750 Quotiens
1987 2689 2086 2738 cet.
2156 2684 2335 2739 Dieser
2371 2684 2534 2738 Stelle

1502 2754 1622 2806 sehr
1657 2753 1866 2807 fihnlich
1901 2754 1974 2808 ist
2006 2754 2115 2806 Cat.
2151 2752 2220 2807 M.
2257 2756 2340 2817 20,
2379 2755 2460 2806 75.

1575 2825 1655 2876 15.
1681 2822 1949 2890 ductor-er,
1971 2824 2055 2875 ein
2074 2821 2218 2874 mehr
2234 2821 2532 2889 poetisches

1503 2888 1653 2941 Wort
1686 2890 1791 2943 und
1827 2906 1931 2944 von
1950 2891 2128 2943 Cicero
2164 2905 2261 2943 nur
2295 2890 2406 2944 hier
2440 2904 2532 2956 ge·

1501 2957 1736 3012 braucht.

1575 3029 1656 3080 16.
1708 3030 1758 3077 ei
1791 3030 2099 3089 timeretur,
2144 3041 2186 3079 8.
2229 3028 2309 3090 12,
2347 3027 2409 3077 27
2462 3040 2530 3078 zu

1499 3097 1610 3145 nisi
1646 3097 1912 3148 haereret.

1567 3162 1629 3215 L.
1647 3164 1864 3216 Brutus.
1931 3161 1985 3215 L.
2002 3161 2190 3215 Junius
2214 3161 2405 3214 Brutus
2439 3159 2528 3214 fiel

1500 3232 1600 3283 509
1637 3232 1705 3283 im
1731 3230 1948 3298 Kampse
1985 3245 2153 3297 gegen
2191 3229 2273 3282 die
2296 3245 2400 3283 von
2426 3229 2529 3282 den

1499 3297 1775 3364 Vejentern
1799 3303 2178 3352 unterstutzten
2207 3297 2528 3365 Tarquinier.

1568 3370 1648 3421 18.
1683 3368 1901 3420 Decius.
1959 3366 2016 3420 P.
2047 3365 2232 3419 Decius
2267 3365 2398 3429 Mus,
2434 3365 2527 3417 der

1500 3433 1676 3501 Vater,
1719 3437 1909 3489 weihte
1942 3436 2056 3488 sich
2089 3434 2205 3487 dem
2243 3433 2525 3501 Opfertode

1497 3501 1801 3557 beiVeseris
1824 3506 1943 3567 340,
1980 3505 2070 3556 der
2106 3502 2248 3556 Sohn
2283 3502 2371 3556 hei
2395 3500 2525 3555 Sen-

1498 3571 1663 3623 tinum
1688 3574 1806 3637 295,
1842 3573 1931 3624 der
1956 3572 2203 3638 (seltener
2236 3570 2522 3636 erwfihnte)

1494 3639 1661 3692 Eukel
1698 3641 1781 3692 hei
1815 3640 2061 3693 Asculum
2097 3641 2196 3693 279
2235 3655 2287 3693 ν.
2315 3639 2430 3691 Chr.

1563 3709 1646 3763 20.
1667 3708 1947 3775 Scipiones
1970 3713 2069 3760 cet.
2094 3706 2188 3759 Die
2213 3707 2408 3760 Briider
2432 3708 2525 3763 Gn.

1492 3791 1544 3829 u.
1590 3774 1650 3828 P.
1686 3777 1953 3830 Cornelius
1989 3775 2163 3843 Scipio
2211 3771 2366 3828 fielen
2404 3777 2524 3843 212,

1491 3842 1545 3897 L.
1581 3844 1830 3897 Aemilius
1864 3844 2072 3910 Paulus,
2109 3844 2201 3897 der
2236 3843 2395 3897 Vater
2429 3844 2525 3898 des
