2834 4317
124 1147 186 1197 10

128 1573 190 1622 15

127 1999 191 2049 20

873 199 1065 252 [ABER
1097 199 1154 253 11.
1191 203 1273 267 22,
1311 203 1393 254 52.
1430 202 1512 254 53.
1545 203 1629 267 23,
1666 205 1748 255 54.

2264 203 2384 260 141

229 368 391 450 plicii
415 369 767 449 deprecatus
791 381 881 434 est
904 391 1100 452 neque
1124 372 1434 435 recusavit.
1490 372 1764 435 Callanus
1786 371 1988 454 Indum,
2019 374 2295 437 indoctus
2317 395 2387 438 ac

229 453 537 530 barbaruS,
579 456 641 518 in
687 457 986 519 radicibus
1018 458 1261 520 Caucasi
1306 468 1501 532 natus,
1547 477 1652 520 sua
1697 458 2000 519 voluntate
2029 460 2192 521 vivus
2222 479 2387 522 com·

231 540 445 602 bustus
474 549 581 602 est.
640 543 782 619 NoS‚
814 544 863 605 si
893 562 997 623 pes
1027 544 1353 619 condoluit,
1394 544 1445 606 si
1473 545 1642 618 dens,
1685 544 1810 621 [sed
1837 543 1931 605 fac
1963 552 2154 606 totum
2185 546 2386 608 dolere

232 620 476 711 corpus]
519 627 679 690 ferre
723 647 848 689 non
878 648 1216 709 possumus.
1280 629 1499 709 Opinio
1533 638 1623 690 est
1653 629 1814 689 enim
1845 630 2127 707 quaedam
2161 631 2387 693 effemi-

231 719 367 772 nata
400 729 467 772 ac
496 711 641 776 levis
673 733 786 775 nec
817 714 877 775 in
911 715 1116 776 dolore
1145 714 1333 793 magis
1363 732 1540 794 quam
1583 714 1787 775 eadem
1819 714 1879 775 in
1910 715 2228 793 voluptate,
2275 724 2390 796 qua

231 814 366 857 cum
398 796 783 876 liquescimus
817 800 1178 879 fluimusque
1208 799 1472 871 mollitia,
1515 799 1642 879 apis
1670 799 1941 861 aculeum
1973 800 2103 861 sine
2132 801 2390 863 clamore

230 882 387 943 ferre
449 902 571 944 non
618 903 956 965 possumus.
1045 887 1122 947 At
1164 904 1303 946 vero
1350 883 1410 946 C.
1458 884 1695 959 MariuS,
1757 885 2096 948 rusticanus
2138 886 2244 960 vir,
2290 889 2393 949 sed
2436 897 2493 946 53

232 967 408 1047 plane
436 968 545 1043 vir,
590 988 725 1031 cum
768 981 1094 1045 secaretur,
1123 980 1192 1031 ut
1218 989 1399 1050 supra
1430 967 1581 1044 dixi,
1609 970 1905 1050 principio
1935 971 2121 1032 vetuit
2151 991 2215 1033 se
2245 973 2385 1033 adli-

232 1053 380 1132 gari,
416 1071 528 1115 nec
558 1055 869 1135 quisquam
899 1066 1036 1117 ante
1059 1056 1306 1118 Marium
1339 1054 1571 1117 solutus
1594 1055 1812 1118 dicitur
1842 1073 1971 1117 esse
1993 1064 2213 1119 sectus,
2277 1057 2396 1120 Cur

232 1156 375 1218 ergo
421 1148 627 1218 postea
686 1139 828 1202 alii?
911 1141 1106 1203 Valuit
1147 1142 1488 1203 auctoritas.
1568 1140 1824 1202 Videsne
1869 1141 2049 1221 igitur
2093 1142 2394 1222 opinionis

235 1241 383 1298 esse,
427 1242 552 1286 non
598 1234 844 1287 naturae
874 1225 1141 1288 malum?
1200 1226 1275 1287 Et
1312 1235 1513 1287 tamen
1546 1225 1730 1287 fuisse
1760 1244 1959 1287 acrem
1991 1244 2254 1289 morsum
2287 1230 2393 1290 do-

235 1307 377 1369 loris
407 1309 565 1372 idem
589 1311 810 1373 Marius
841 1313 1125 1393 ostendit;
1156 1330 1293 1373 crus
1321 1311 1484 1373 enim
1516 1312 1768 1373 alterum
1800 1331 1922 1372 non
1955 1312 2248 1391 praebuit.
2308 1314 2392 1374 lta

235 1402 295 1453 et
322 1394 457 1455 tulit
484 1396 749 1458 dolorem
793 1405 862 1457 ut
891 1398 979 1457 vir
1007 1407 1067 1458 et
1093 1406 1160 1459 ut
1188 1397 1366 1458 homo
1398 1396 1684 1458 maiorem
1730 1397 1887 1457 ferre
1917 1396 2048 1458 sine
2078 1415 2251 1459 causa
2284 1418 2393 1459 ne-

237 1480 488 1542 cessaria
521 1482 733 1544 noluit.
793 1483 1011 1544 Totum
1042 1483 1225 1562 igitur
1254 1483 1316 1543 in
1343 1501 1414 1543 eo
1447 1491 1554 1557 est,
1586 1490 1652 1542 ut
1673 1481 1781 1543 tibi
1812 1481 2087 1561 imperes.
2143 1483 2393 1545 Ostendi

234 1572 431 1625 autem
477 1568 636 1646 quod
674 1578 838 1630 esset
880 1567 1211 1649 imperandi
1254 1587 1465 1648 genus,
1509 1574 1686 1646 atque
1728 1567 1877 1627 haec
1907 1568 2205 1646 cogitati0,
2252 1568 2392 1648 quid

238 1649 538 1733 patientia,
572 1653 713 1732 quid
744 1653 1113 1728 fortitudine,
1160 1654 1302 1732 quid
1333 1652 1742 1733 magnitudine
1771 1652 1954 1714 animi
1984 1653 2395 1733 dignissimum

237 1734 332 1810 sit,
377 1755 498 1798 non
544 1739 735 1799 solum
781 1738 1043 1799 animum
1090 1738 1460 1818 comprimit,
1518 1739 1619 1799 sed
1666 1738 1862 1818 ipsum
1906 1738 2080 1800 etiam
2127 1739 2393 1800 dolorem

238 1820 440 1883 nescio
472 1840 593 1902 quo
623 1832 797 1904 pacto
829 1824 1124 1886 mitiorem
1155 1824 1312 1885 facit.
2226 1863 2229 1866 -

407 1906 484 1968 Ut
514 1909 673 1970 enim
705 1910 772 1969 fit
800 1909 862 1969 in
894 1909 1143 1989 proelio,
1174 1919 1240 1970 ut
1267 1909 1515 1990 ignavus
1544 1909 1712 1970 miles
1735 1927 1805 1970 ac
1834 1908 2092 1982 timidus,
2121 1909 2298 1971 simul
2326 1929 2394 1972 ac
2418 1910 2496 1966 23

235 1990 445 2053 viderit
473 1993 725 2068 hostem,
768 1993 1001 2056 abiecto
1032 2003 1201 2057 scuto
1233 1995 1437 2074 fugiat,
1469 2003 1760 2074 quantum
1790 1994 1997 2073 possit,
2037 1994 2115 2056 ob
2148 2013 2397 2075 eamque
2440 2001 2499 2051 54

243 2094 478 2138 causam
522 2088 728 2159 pereat
769 2098 892 2141 non
942 2098 1265 2159 numquam
1311 2081 1488 2141 etiam
1530 2080 1765 2159 integro
1804 2096 2091 2161 corpore,
2138 2098 2275 2141 cum
2320 2081 2394 2155 ei,

241 2163 345 2240 qui
367 2165 617 2239 steterit,
651 2164 798 2226 nihil
819 2164 937 2227 tale
968 2165 1248 2237 evenerit,
1280 2165 1384 2241 sic,
1419 2165 1522 2245 qui
1553 2165 1775 2227 doloris
1796 2165 2055 2245 speciem
2086 2166 2243 2227 ferre
2269 2184 2393 2228 non

315 2316 358 2363 1.
375 2312 645 2381 Callanus,
664 2315 747 2368 ein
766 2315 1024 2368 indischer
1041 2314 1267 2383 Gymno-

242 2379 468 2447 sophist‚
515 2384 693 2435 wurde
727 2384 822 2435 mit
856 2383 1144 2435 Alexander
1181 2384 1268 2435 be-

243 2447 492 2501 freundet.
545 2449 601 2502 In
636 2453 830 2504 seinem
868 2455 951 2505 73.
975 2450 1130 2504 Jahre
1166 2454 1267 2516 gab

242 2530 298 2567 er
321 2531 503 2582 wegen
529 2516 811 2571 Krankheit
843 2520 956 2572 sich
980 2520 1143 2572 selbst
1168 2520 1269 2573 den

241 2583 512 2637 Feuertod.
569 2586 705 2652 (Val.
731 2586 864 2639 Max.
888 2588 925 2641 l.
950 2590 1003 2652 8,
1038 2592 1142 2640 ext.
1167 2590 1269 2653 10.)

309 2652 561 2705 indoctus
593 2671 659 2706 ac
683 2658 827 2707 barb.
852 2682 919 2702 —
944 2673 1269 2723 quamquam

239 2721 354 2771 ind.
370 2736 435 2771 ac
453 2724 601 2773 barb.
613 2730 746 2787 orat,
765 2724 923 2776 daher
940 2725 1075 2777 ohne
1095 2727 1266 2776 homo.

312 2791 361 2841 2.
386 2788 653 2842 Caucasus
677 2797 866 2844 nannte
884 2808 1005 2845 man
1028 2794 1160 2845 auch
1184 2793 1267 2845 die

173 2916 182 2921 -
242 2856 500 2909 ostlichen
526 2858 933 2925 Fortsetzungen
957 2861 1048 2913 des
1073 2862 1269 2928 cigent-

242 2924 413 2977 lichen
435 2924 721 2993 KaukasuS,
740 2927 838 2981 d.i.
860 2928 958 2981 den
977 2928 1269 2997 Himalaya;

241 2993 348 3058 vgl.
393 2992 454 3047 V.
491 2996 574 3059 27,
612 2999 695 3049 77.

313 3066 362 3114 6.
398 3063 722 3130 fluimusque
741 3065 989 3119 mollitia.
1045 3063 1115 3116 So
1136 3063 1271 3118 Vell.

240 3127 278 3179 1.
302 3130 335 3181 6
360 3145 410 3181 u.
435 3128 495 3181 11.
524 3134 612 3185 88:
646 3135 895 3184 mollitiis
926 3136 1006 3197 fl.;
1050 3132 1269 3188 Lilel.

223 3199 336 3250 ,292
363 3196 501 3249 luxu
522 3201 707 3262 flucre.
745 3200 1137 3254 Gewohnlicher
1162 3201 1269 3263 dil-

237 3266 427 3327 flucre.

312 3336 359 3384 7.
377 3336 705 3400 rusticanus,
738 3335 964 3390 welches
987 3341 1135 3390 sonst
1173 3354 1269 3390 nur

240 3400 324 3453 die
341 3399 594 3456 Herkunst
611 3404 939 3458 bezeichnet:
961 3421 1081 3457 vom
1098 3406 1268 3458 Laude

241 3469 639 3538 herstammend,
658 3473 843 3525 nimmt
861 3474 972 3526 hier
994 3474 1078 3525 die
1098 3476 1268 3539 (fiber-

243 3537 794 3608 trageneffledeutung
804 3558 909 3594 von
926 3545 1164 3594 rusticus
1174 3559 1266 3595 an:

241 3604 562 3672 ungebildet,
596 3608 643 3659 d.
662 3609 716 3661 h.
752 3610 1142 3677 philosophisch
1177 3627 1269 3664 un-

242 3673 488 3738 gebildet.

313 3743 361 3793 8.
395 3747 461 3793 ut
490 3759 659 3810 supra
696 3745 847 3809 dixi,
884 3763 924 3799 s.
967 3750 1045 3811 15,
1083 3749 1165 3802 35.

314 3812 393 3865 10.
432 3817 731 3864 auctoritas
766 3814 857 3867 der
899 3815 1267 3881 malsgebende

223 3875 500 3945 ,Ἴσι-3223,
539 3879 632 3934 das
666 3880 908 3949 Beispiel.

1444 2319 1522 2369 11.
1566 2315 1786 2366 malum.
1857 2314 2003 2380 Subj.
2039 2316 2109 2367 ist
2143 2317 2395 2369 dolorem.

1442 2385 1522 2437 13.
1561 2383 1691 2434 tulit
1722 2383 1962 2434 dolorem
1997 2387 2095 2436 cet.
2166 2384 2264 2436 Der
2299 2385 2396 2437 Ge-

1370 2455 1582 2518 gensatz
1634 2450 1896 2503 zwischen
1937 2454 2031 2502 vir
2081 2451 2185 2503 und
2238 2453 2394 2505 homo

1370 2520 1484 2572 tritt
1518 2519 1628 2572 hier
1667 2518 1827 2571 durch
1873 2517 1973 2570 den
2010 2519 2277 2571 Chiasmus
2311 2537 2398 2573 um

1369 2603 1430 2640 so
1465 2588 1684 2640 schoner
1719 2587 1918 2638 hervor.
1990 2585 2102 2651 vgl.
2140 2588 2201 2639 ad
2240 2586 2299 2648 Q.
2337 2588 2397 2642 fr.

1367 2655 1426 2709 11.
1466 2658 1546 2720 11,
1570 2658 1631 2707 3:
1667 2657 1848 2706 virum
1883 2659 1933 2705 te
1961 2657 2166 2721 putabo
2203 2683 2268 2737 .'‘'
2306 2659 2398 2708 Ιιο-

1369 2725 2108 2914 ἔὲἑὲἕιῗὼῗὲἶηέἔιΐέέιηῑ
2122 2722 2398 2848 Ρῗὲίῗιᾞῗ

1370 2876 1416 2914 c.
1497 2901 1509 2914 .

1445 2933 1525 2984 15.
1559 2931 1708 2990 essct,
1732 2942 1776 2981 s.
1801 2943 1869 2979 zu
1894 2930 1942 2991 2,
1961 2931 2020 2981 4:
2047 2933 2241 2990 essen&
2267 2931 2398 2982 hacc

1374 3000 1653 3063 cogitatio,
1676 3012 1720 3048 a.
1746 3012 1790 3048 z.
1813 2994 1852 3049 1.
1875 2999 1955 3061 19,
1974 2999 2063 3050 45:
2105 2998 2250 3049 Haec
2274 3000 2398 3065 pul-

1373 3067 1642 3117 claritudo.

1443 3136 1523 3188 17.
1547 3136 1785 3184 animum
1803 3135 2126 3198 comprimit.
2169 3135 2400 3188 Animus

1369 3201 1481 3253 hier
1504 3201 1573 3252 im
1599 3214 1821 3267 engeren
1847 3199 2004 3252 Sinne
2040 3225 2107 3245 ι-
2144 3205 2176 3253 ό
2202 3201 2399 3271 θυμός,

1371 3270 1456 3321 die
1479 3267 1855 3332 Leidenschaft,
1880 3272 1967 3320 ira
1990 3269 2048 3334 (1.
2071 3273 2152 3334 10,
2174 3272 2276 3331 20).
2327 3271 2397 3324 So

1372 3336 1722 3405 p.Marc.3,8:
1760 3340 1998 3388 animum
2023 3340 2255 3403 vincere,
2287 3341 2398 3390 ira-

1372 3406 1628 3458 cundiam
1663 3407 1908 3456 cohibere
1929 3434 1994 3443 ——
2020 3407 2151 3456 hacc
2185 3408 2279 3472 qui
2310 3406 2399 3470 fa-

1372 3478 1502 3540 ciat,
1537 3489 1658 3525 cum
1692 3474 2027 3525 simillimum
2062 3474 2159 3525 deo
2184 3476 2395 3538 iudico„

1372 3541 1491 3594 Hor.
1517 3543 1670 3610 epist.
1703 3540 1740 3595 1.
1762 3543 1811 3606 2,
1830 3544 1922 3595 63:
1959 3544 2102 3594 hunc
2133 3544 2189 3607 (i.
2209 3559 2254 3596 e.
2280 3549 2398 3596 ani-

1370 3614 1538 3676 mum)
1579 3609 1782 3675 freniS,
1830 3612 1973 3661 hunc
2025 3616 2083 3661 tu
2129 3628 2398 3679 compesce

1372 3684 1584 3731 catena.
1651 3678 1764 3744 Vgl.
1800 3676 1884 3730 lv,
1924 3681 2006 3742 18,
2043 3683 2122 3733 41.

1440 3749 1523 3800 22.
1544 3749 1796 3813 speciem,
1842 3745 1934 3799 das
1977 3747 2237 3814 (geistige)
2280 3748 2396 3801 Bild

1371 3813 1465 3866 des
1500 3814 1594 3867 mit
1629 3815 1794 3867 eincm
1819 3814 2010 3866 Feinde
2033 3816 2394 3882 verglichenen

1372 3881 1690 3949 Schmerzes,
1732 3882 1964 3935 welchen
2000 3897 2119 3935 man
2153 3883 2394 3937 kommen

2542 805 2763 929 ,ἴ
