2834 4317
898 190 1089 274 Lmen
1121 192 1180 248 11.
1214 194 1299 260 26,
1335 195 1416 247 63.
1454 196 1537 247 64.
1573 195 1657 259 27,
1693 194 1775 244 65.
2287 192 2409 248 147

658 277 1312 359 .Jew-<2‘[fflz„„,lssmnvaed

255 365 656 427 multitudinis
699 365 917 427 iudicio
962 375 1293 436 moventur,
1338 317 1476 427 duh]
1520 365 1580 427 id
1610 323 1927 438 honestufii
1971 372 2203 445 putent,
2250 367 2411 447 quod
2454 371 2489 406 ³³
2514 325 2783 403 *MLW‘

256 470 290 512 a
318 450 622 531 plerisque
652 450 944 513 laudetur.
1005 450 1089 512 Te
1120 459 1337 526 autem,
1377 452 1428 513 si
1458 452 1520 513 in
1555 450 1741 513 oculis
1770 449 1851 512 sis
1881 450 2293 536 multitudinis,
2324 461 2411 512 ta·

256 556 394 598 men
422 535 550 598 eius
568 536 787 598 iudicio
809 545 967 598 stare
989 537 1174 598 nolim
1199 554 1330 610 nec,
1353 536 1516 616 quod
1537 536 1634 598 illa
1655 543 1843 616 putet,
1866 534 2022 596 idem
2043 545 2253 616 putare
2317 536 2410 597 ul-

258 621 642 684 cherrimum.
704 621 833 683 Tuo
863 621 972 683 tibi
1001 621 1220 683 iudicio
1251 630 1341 683 est
1370 622 1658 684 utendum
1675 640 1693 697 ;
1722 619 1830 682 tibi
1859 621 1910 682 si
1939 631 2099 682 recta
2130 556 2541 702 135&ng

187 717 214 765 5
254 706 538 788 placebis,
569 717 697 768 tum
731 726 854 768 non
884 706 1064 768 modo
1095 717 1215 768 tete
1242 707 1474 781 viceris,
1506 709 1666 786 quod
1696 707 1872 787 paulo
1911 714 2051 768 ante
2077 707 2409 788 praecipie-

255 793 412 868 bam,
443 793 548 854 sed
573 792 768 854 omnis
791 801 852 853 et
873 792 1093 853 omnia.
1151 791 1282 854 Hoc
1303 791 1484 872 igitur
1505 791 1615 853 tihi
1636 810 1931 872 propone,
1961 792 2410 872 amplitudinem
2454 806 2516 855 64

254 878 438 941 animi
468 887 528 938 et
558 877 727 957 quasi
756 877 1053 958 quandam
1084 878 1598 958 exaggerationem
1633 896 1809 956 quam
1839 877 2179 939 altissimam
2207 878 2410 954 animi,

257 981 408 1043 quae
454 964 706 1024 maxime
752 963 974 1024 eminet
1034 963 1492 1025 contemnendis
1544 971 1604 1025 et
1647 962 2041 1042 despiciendis
2084 962 2409 1037 doloribuS,

254 1067 436 1110 unam
517 1067 612 1110 sse
659 1067 695 1108 o
803 1048 927 1110 ium
970 1067 1098 1110 rem
1142 1047 1603 1129 pulcherrimam
1649 1067 1839 1128 eoque
1879 1048 2279 1127 pulchriorem
2297 1094 2313 1123 ,
2360 1050 2411 1111 si

155 1066 932 1213 mdffierffoffiiffieque
973 1133 1247 1214 plausum
1288 1152 1353 1194 ca
1399 1144 1535 1200 tans
1589 1153 1654 1195 se
1712 1144 1911 1195 tamen
1965 1134 2092 1213 ipsa
2137 1134 2409 1196 delectet.

255 1219 304 1291 Q
348 1220 412 1281 in
445 1238 480 1280 e
507 1218 622 1290 iam
651 1218 796 1279 mihi
827 1219 1066 1298 quidem
1096 1153 1497 1280 laifflaffilssra*
1515 1218 1791 1280 videntur
1820 1219 2038 1293 omnia,
2083 1237 2234 1298 quae
2278 1220 2408 1281 sine

255 1324 287 1363 v
409 1312 488 1365 ita
620 1322 654 1364 e
686 1313 745 1365 et
773 1304 902 1365 sine
932 1303 1158 1384 populo
1189 1312 1339 1365 teste
1368 1305 1540 1378 fiunt,
1572 1323 1696 1365 non
1731 1322 1850 1383 quo
1881 1304 2198 1381 fugiendus
2227 1304 2410 1365 sit—

255 1384 646 1451 om‘n'ia'enim
667 1388 824 1450 hene
852 1390 1004 1450 facta
1033 1389 1096 1451 in
1128 1390 1261 1450 luce
1290 1408 1357 1450 se
1387 1388 1690 1450 conlocari
1717 1389 1925 1451 volunt
1944 1423 2050 1463 —,
2082 1388 2186 1450 sed
2207 1399 2406 1450 tamen

257 1475 486 1536 nullum
518 1475 720 1535 virtuti
749 1475 1046 1536 theatrum
1077 1473 1442 1537 conscientia
1473 1474 1663 1536 maius
1691 1483 1801 1536 est.

155 1568 213 1618 15
425 1561 619 1639 Atque
649 1559 710 1621 in
735 1560 943 1640 primis
971 1559 1327 1622 meditemur
1352 1560 1519 1635 illud,
1549 1568 1617 1620 ut
1638 1560 1785 1621 haec
1804 1558 2089 1640 patientia
2113 1558 2406 1634 dolorum,
2441 1565 2512 1620 27

258 1663 435 1723 quam
464 1663 643 1725 saepe
672 1645 787 1706 iam
819 1646 1002 1707 animi
1031 1645 1369 1707 intentione
1399 1645 1519 1706 dixi
1549 1663 1679 1706 esse
1722 1646 2091 1719 firmandam,
2136 1644 2199 1705 in
2247 1645 2411 1706 omni
2455 1666 2516 1716 65

254 1748 478 1810 genere
535 1749 601 1792 se
657 1730 1036 1810 aequabilem·
1078 1730 1377 1811 praebeat.
1467 1730 1656 1810 Saepe
1700 1730 1858 1792 enim
1903 1730 2107 1805 multi,
2164 1731 2265 1809 qui
2311 1740 2414 1792 aut

258 1823 508 1896 propter
549 1815 830 1877 victoriae
862 1815 1240 1896 cupiditatem
1285 1825 1388 1877 aut
1429 1824 1680 1895 propter
1720 1814 1942 1895 gloriae
1972 1825 2076 1876 aut
2103 1816 2298 1885 etiam,
2346 1826 2414 1877 ut

257 1901 350 1962 ius
379 1919 553 1963 suum
585 1910 646 1961 et
675 1899 1007 1962 libertatem
1051 1909 1346 1976 tenerent,
1389 1901 1636 1963 volnera
1681 1911 2047 1981 exceperunt
2072 1901 2308 1963 fortiter
2352 1910 2414 1962 et

151 1998 213 2047 20
255 1986 548 2060 tulerunt,
602 1986 781 2048 iidem
826 1988 1039 2048 omissa
1084 1986 1473 2049 contentione
1518 1985 1785 2047 dolorem
1840 1984 2035 2047 morbi
2080 1987 2239 2047 ferre
2283 2005 2407 2046 non

258 2081 543 2151 possunt;
588 2089 785 2150 neque
826 2072 984 2133 enim
1029 2071 1227 2145 illum,
1272 2090 1452 2151 quem
1495 2071 1665 2133 facile
1712 2071 1990 2145 tulerant,
2034 2071 2267 2133 ratione
2311 2080 2414 2133 aut.

254 2155 543 2236 sapientia
589 2156 866 2232 tulerant,
912 2157 1017 2218 sed
1059 2157 1253 2219 studio
1297 2158 1498 2237 potius
1543 2164 1602 2219 et
1644 2156 1851 2237 gloria.
1923 2155 2129 2235 Itaque
2173 2155 2412 2218 barbari

256 2242 493 2321 quidam
526 2251 586 2303 et
613 2243 901 2304 immanes
928 2244 1089 2303 ferro
1120 2242 1762 2325 decertare-acerrume
1792 2250 2065 2322 possunt,
2103 2250 2412 2321 aegrotare

322 2462 371 2514 2.
423 2462 486 2511 in
530 2461 701 2512 ocutis
747 2476 855 2511 esse
907 2459 1063 2512 heifst
1109 2468 1280 2513 sonst:

253 2527 430 2594 Gegen
436 2527 585 2581 stand
597 2528 688 2581 der
696 2527 1167 2582 Aufmerksamkeit
1176 2529 1279 2581 und

250 2595 409 2648 Liebe
446 2597 583 2661 sein,
630 2596 731 2649 wie
766 2596 829 2648 ad
864 2597 972 2648 Att.
1010 2595 1092 2648 Vl.
1127 2600 1186 2657 2,
1222 2600 1279 2650 5:

248 2666 561 2728 publicanis
593 2667 654 2716 in
690 2666 861 2716 oculis
892 2681 1091 2716 sumus.
1159 2665 1281 2718 Hier

254 2733 379 2784 aber
415 2731 553 2784 kann
589 2748 646 2785 es
681 2748 777 2785 nur
809 2757 879 2779 ε-
913 2733 1024 2785 sein
1059 2736 1121 2785 in
1156 2750 1279 2785 con-

250 2805 438 2867 spectu
472 2817 606 2852 esse:
644 2802 954 2852 beobachtet
983 2801 1209 2854 werden.

323 2871 374 2921 3.
408 2871 526 2919 eius
552 2869 756 2920 iudicio
778 2874 923 2920 stare
944 2894 1013 2916 -ι
1035 2873 1159 2930 niti,
1195 2885 1283 2921 ac-

252 2940 544 3003 quiescere3
578 2937 687 3003 vgl.
724 2939 809 3003 27,
845 2938 928 2991 81.

321 3009 369 3057 5.
404 3008 618 3069 viceris,
641 3005 748 3070 vgl.
775 3008 824 3067 6,
853 3007 943 3059 16;
972 3004 1281 3065 pertulerit.

322 3076 371 3125 7.
430 3076 931 3139 exaggerationem,
990 3072 1281 3138 Erhebung,

251 3141 372 3192 sehr
389 3140 582 3201 selten;
607 3139 837 3207 hiufiger
858 3142 928 3192 ist
945 3155 1281 3205 exaggerare

250 3209 305 3260 in
340 3209 655 3328 {ropischem
692 3210 868 3274 Sinne,
902 3208 1016 3263 z.B.
1039 3208 1103 3262 V.
1123 3211 1275 3274 18,51

249 3292 302 3329 u.
375 3281 424 3342 0,
461 3279 545 3329 85.

322 3347 371 3397 8.
410 3361 594 3407 unam,
625 3344 732 3411 vgl.
768 3360 833 3397 zu
873 3347 955 3411 18,
987 3346 1072 3398 43.

319 3416 368 3466 9.
386 3416 438 3464 εἰ
455 3417 606 3465 vacet
627 3413 847 3479 populo,
874 3427 1026 3465 wenn
1048 3413 1124 3465 sie
1141 3413 1277 3465 ohne

247 3480 456 3546 Zeugen
480 3482 526 3533 is
590 3480 710 3532 kein
737 3479 1009 3533 Publikum
1037 3481 1143 3533 hat.
1195 3483 1277 3533 An

250 3556 429 3601 tamen
462 3550 533 3601 ist
604 3549 687 3601 ein
704 3549 917 3600 Austofs
951 3564 1016 3600 zu
1041 3550 1278 3614 nehmen,

248 3617 314 3668 da
363 3634 535 3684 neque
571 3618 825 3684 plausum
860 3621 1084 3683 captam
1126 3618 1277 3669 einen

248 3683 651 3738 Konzessivsatz
697 3684 917 3737 vei-tritt.
986 3684 1279 3737 Deutlieher

250 3755 390 3805 wire
414 3753 644 3806 sreilich:
678 3756 728 3804 ei
748 3780 817 3793 -
840 3769 1010 3819 neque
1027 3754 1279 3819 plausum

250 3826 444 3888 captet,
477 3837 599 3873 cum
624 3827 802 3872 tamen
822 3837 878 3871 se
900 3826 1020 3886 ipsa
1044 3822 1279 3875 delectet.

324 3893 406 3944 11.
433 3894 551 3942 sine
573 3891 956 3956 venditatione,
972 3890 1107 3943 ohne
1124 3889 1279 3943 Prah-

1383 2461 1532 2514 lerei.'
1601 2459 1737 2512 Lael.
1763 2461 1847 2524 23,
1871 2462 1963 2513 86:
1998 2460 2048 2511 A
2080 2459 2267 2509 multis
2299 2461 2411 2510 vir-

1382 2534 1471 2579 tus
1492 2532 1609 2594 ipsa
1634 2532 1996 2580 contemnitur
2029 2530 2084 2578 et
2112 2528 2410 2578 venditatio

1383 2597 1646 2663 quaedam
1681 2602 1842 2662 atque
1864 2598 2151 2664 ostentatio
2187 2611 2296 2645 esse
2329 2596 2410 2646 di-

1382 2669 1543 2717 citur.

1453 2735 1535 2785 12.
1571 2738 1627 2783 et
1643 2735 1761 2783 eine
1791 2733 1992 2798 populo
2015 2736 2164 2796 teste,
2195 2730 2279 2783 sfir
2310 2747 2410 2783 neo

1381 2805 1512 2852 teste
1541 2802 1760 2867 populo,
1794 2814 1980 2866 wegen
2015 2800 2107 2852 des
2128 2815 2408 2867 vorangeg.

1382 2872 1500 2921 sine
1532 2869 1916 2920 venditatione.
2325 2869 2329 2879 '

1450 2953 1561 2988 non
1578 2953 1684 3004 quo
1701 2965 1771 2977 —
1791 2937 1888 2989 sed
1903 2941 2099 3000 tamen,
2119 2936 2219 2988 wie
2235 2935 2274 2989 1.
2294 2941 2373 3001 1,1
2393 2957 2406 2989 :

1381 3005 1901 3136 ποῗιᾳΐῖοᾶἷηῖἷέ
1928 3073 2031 3125 wie
2073 3071 2112 3124 L
2149 3075 2244 3134 44,
2284 3075 2408 3126 106:

1383 3140 1502 3194 Seu.
1539 3141 1690 3208 epist.
1729 3144 1756 3193 7
1795 3147 1950 3193 extm
1986 3141 2130 3192 Haeo
2163 3156 2262 3205 ego
2295 3156 2408 3191 non

1379 3211 1594 3274 multis,
1640 3209 1736 3261 sed
1767 3211 1900 3272 tibi‚·
1939 3212 2077 3261 satis
2119 3212 2261 3258 enim
2294 3223 2409 3258 ma-

1373 3294 1549 3344 gnum
1570 3277 1710 3329 alter
1731 3278 1894 3329 alteri
1916 3279 2185 3328 theatrum
2206 3291 2406 3328 sumus.

1453 3347 1534 3400 16.
1584 3348 1646 3396 in
1688 3348 1837 3397 omni
1880 3361 2103 3410 genere,
2157 3344 2211 3395 in
2254 3341 2406 3407 jeder

1379 3413 1635 3478 Hinsicht,
1666 3414 1721 3466 in
1755 3414 1891 3466 allen
1926 3412 2118 3464 Fallen.

1452 3486 1533 3535 17.
1553 3482 1722 3547 Saepe
1739 3510 1805 3520 -
1823 3481 1996 3544 multi,
2020 3496 2062 3532 s.
2081 3496 2143 3532 zu
2168 3479 2206 3543 1,
2221 3481 2306 3542 30,
2322 3481 2405 3530 74.

1453 3553 1532 3604 19.
1592 3551 1814 3601 volnera
1866 3554 2215 3615 exceperunt,
2273 3550 2404 3599 nach
2456 3609 2459 3614 Ι

1379 3620 1634 3684 Analogie
1656 3634 1761 3670 von
1791 3618 1985 3683 plagas
2009 3619 2274 3683 excipere,
2299 3615 2403 3681 vgl.

1381 3690 1465 3751 20,
1484 3689 1575 3748 46;
1599 3686 1663 3740 V.
1684 3689 1767 3751 27,
1788 3689 1869 3739 79.
1914 3684 1985 3736 So
2010 3684 2141 3737 auch
2164 3685 2220 3737 11.
2239 3687 2291 3751 5,
2311 3686 2404 3737 14:

1381 3756 1619 3807 dolorem
1653 3757 1916 3821 excipere.

1449 3825 1533 3874 21.
1570 3824 1800 3887 ratione,
1836 3822 1935 3873 wie
1971 3824 2020 3885 4,
2061 3824 2140 3875 11.

1451 3893 1537 3944 22.
1580 3892 1757 3942 studio
1794 3894 1846 3940 et
1877 3890 2078 3955 gloria.
2150 3885 2403 3937 Studium

1891 3972 1995 4026 10*
