2834 4317
376 918 435 970 '18

381 1480 439 1531 ⁷⁹
481 1513 599 1566 tata
631 1512 721 1565 est
745 1513 805 1564 et
828 1521 1005 1583 saepe
1026 1502 1304 1583 prodest:
1339 1500 1476 1563 Non
1495 1501 1603 1563 tibi
1621 1501 1725 1563 hoc
1752 1501 1879 1564 soli.
1927 1501 2176 1564 Prodest
2204 1503 2350 1564 haec
2382 1504 2641 1582 quidem,
2686 1514 2734 1567 lt

479 142 560 200 50

1165 140 1353 194 maen
1385 140 1464 193 111.
1483 98 1587 207 5²,
1608 144 1691 194 78.
1726 142 1811 205 33,
1835 143 1919 194 79.

478 314 698 395 suscipi
755 313 1071 394 aliquando
1131 311 1563 391 aegritudinem
1619 330 1799 391 posse
1842 331 1915 373 ex
1959 330 2030 375 eo
2077 311 2239 391 ipso,
2297 312 2459 390 quod
2503 331 2633 375 esse

478 417 773 462 summum
820 398 1037 460 malum
1070 398 1426 476 [Cleanthes]
1457 396 1586 476 ipse
1633 397 1905 459 fateatur.
1974 396 2130 468 Quid
2160 396 2321 458 enim
2351 398 2632 468 dicemus,

480 503 618 546 cum
664 485 939 546 Socrates
981 482 1269 544 Alcibiadi
1312 481 1732 562 persuasisset,
1777 491 1848 543 ut
1889 483 2255 562 accepimus,
2299 501 2437 545 eum
2488 482 2632 544 nihil

479 570 740 632 hominis
772 588 901 631 esse
931 586 1045 630 nec
1075 568 1390 647 quicquam
1422 567 1582 628 inter
1611 566 1974 629 Alcibiadem
2004 585 2235 629 summo
2265 567 2399 630 loco
2429 575 2632 629 natum

480 664 540 716 et
569 655 833 733 quemvis
863 652 1123 715 baiolum
1154 653 1460 722 interesse,
1490 670 1630 713 cum
1663 670 1729 713 se
1759 650 2091 714 Alcibiades
2109 653 2437 714 adflictaret
2465 653 2636 714 lacri·
2674 662 2703 712 5

479 758 771 819 maneque
794 739 1023 801 Socrati
1049 738 1296 818 supplex
1328 745 1507 810 esset,
1540 745 1607 797 ut
1631 736 1749 798 sibi
1778 737 2054 801 virtutem
2085 739 2348 799 traderet
2378 738 2633 818 turpitu-

480 825 799 903 dinemque
842 823 1194 902 depelleret,
1241 822 1384 902 quid
1413 821 1710 893 dicemuS,
1757 819 2085 883 Cleanthe?
2130 841 2275 883 num
2316 823 2379 884 iu
2423 823 2519 884 illa
2547 841 2633 892 re,

479 927 632 988 quae
662 909 1036 987 aegritudine
1067 907 1435 969 Alcibiadem
1466 906 1795 978 adficiebat,
1828 907 1965 968 mali
1994 907 2142 968 nihil
2166 905 2391 969 fuisse?
2433 905 2634 979 Quid?

481 994 577 1054 illa
607 993 864 1076 Lyconis
906 993 1099 1072 qualia
1132 989 1318 1055 sunt?
1361 990 1466 1072 qui
1512 991 1946 1070 aegritudinem
1977 1000 2307 1057 extenuans
2336 994 2529 1072 parvis
2559 992 2638 1053 ait

481 1097 612 1140 eam
640 1078 821 1140 rebus
852 1079 1110 1151 moveri,
1140 1078 1418 1139 fortunae
1449 1085 1509 1138 et
1539 1077 1811 1156 corporis
1840 1076 2267 1152 incommodis,
2300 1097 2423 1139 non
2453 1077 2637 1139 animi
2683 1085 2735 1136 10

479 1163 666 1226 malis.
728 1163 883 1235 Quid
914 1161 1107 1243 ergo?
1156 1163 1318 1237 illud,
1353 1162 1517 1241 quod
1545 1160 1877 1224 Alcibiades
1906 1162 2162 1236 dolebat,
2198 1182 2322 1224 nou
2354 1181 2426 1225 ex
2455 1161 2638 1225 animi

480 1249 649 1317 malis
694 1248 964 1328 vitiisque
1007 1245 1366 1310 constabat?
1417 1247 1506 1308 Ad
1550 1246 1794 1326 Epicuri
1840 1248 2312 1310 consolationem
2365 1249 2505 1310 satis
2548 1258 2638 1310 est

482 1343 620 1395 ante
654 1333 898 1395 dictum.

653 1419 741 1480 Ne
764 1418 861 1480 illa
899 1418 1136 1497 quidem
1173 1415 1505 1479 firmissima
1546 1416 1873 1478 consolatio
1906 1424 2014 1489 est,
2045 1434 2401 1497 quamquam
2432 1427 2491 1480 et
2518 1419 2642 1481 usi-

480 1597 549 1651 ut
577 1588 727 1662 dixi,
776 1589 878 1650 sed
923 1606 1037 1650 uec
1066 1605 1303 1666 semper
1333 1604 1448 1647 nec
1472 1585 1784 1663 omuibus;
1827 1594 1969 1649 sunt
2000 1587 2158 1648 enim
2190 1589 2293 1666 qui
2322 1602 2642 1669 respuant;

481 1674 586 1735 sed
620 1675 806 1734 refert
828 1691 947 1752 quo
978 1672 1156 1734 modo
1187 1670 1553 1732 adhibeatur.
1600 1670 1678 1732 Ut
1707 1672 1865 1733 enim
1896 1672 2098 1733 tulerit
2128 1673 2380 1753 quisque
2411 1691 2644 1748 eorum,

482 1758 586 1836 qui
642 1758 945 1837 sapienter
989 1756 1289 1830 tulerunt,
1340 1775 1464 1817 uon
1514 1773 1634 1835 quo
1666 1756 1918 1836 quisque
1969 1757 2348 1823 incommodo
2378 1759 2649 1825 adfectus

483 1843 577 1917 sit,
623 1841 1084 1922 praedicandum
1128 1848 1234 1903 est.
1295 1840 1610 1921 Chrysippi
1640 1842 1710 1902 ad
1741 1843 2043 1905 veritatem
2077 1843 2406 1906 firmissima
2436 1854 2542 1918 est,
2572 1845 2645 1908 ad

481 1935 719 2008 tempus
755 1926 1138 2006 aegritudinis
1171 1926 1445 1988 difficilis.
1491 1925 1767 2006 Magnum
1793 1946 1945 2007 opus
1966 1936 2058 1989 est
2078 1928 2333 2009 probare
2361 1932 2654 1993 maerenti
2694 1940 2748 1991 2⁵}
2811 1888 2818 1945 s

553 2064 597 2115 1.
634 2059 928 2126 aliquando
954 2049 1282 2110 ‘bisweilen’.

1607 2025 1726 2110 kei}
1738 2058 2150 2124 ausgezeichnet,
2174 2054 2374 2112 schrieb
2409 2062 2535 2113 uber
2557 2061 2654 2113 das

553 2145 623 2180 eoe
675 2144 736 2179 co
793 2129 933 2194 ipso,
993 2125 1215 2178 ufimlich
1255 2126 1382 2178 uber
1426 2124 1508 2177 die
1611 2126 1830 2179 hochste
1854 2126 1954 2179 Gut
1998 2128 2101 2179 und
2139 2128 2352 2181 hochste
2374 2116 2523 2181 i'Jbel.
2589 2130 2655 2181 Er

485 2198 664 2265 eigene
686 2195 912 2249 sittliche
934 2194 1353 2260 Schlecbtigkeit.
1390 2193 1512 2245 Wer
1615 2195 1756 2247 starb
1771 2197 1870 2247 225
1882 2210 1930 2246 V.
1952 2195 2066 2251 Chr.
2104 2194 2375 2263 Vgl.Diog.
2391 2197 2506 2249 1..V.
2518 2200 2568 2249 4.

483 2267 612 2319 uber
634 2265 776 2317 diese
800 2263 910 2317 sich
935 2262 1273 2325 bekummert,
1309 2262 1390 2314 fur
1413 2261 1514 2313 den

484 2335 554 2387 ist
594 2332 848 2386 natfirlich
872 2332 989 2385 Cl.’s
1012 2329 1167 2383 Trost
1200 2329 1319 2382 kein
1344 2329 1515 2382 Trost.

552 2405 601 2455 2.
650 2399 910 2465 fatuam,
943 2399 1207 2452 konzess.:
1243 2413 1353 2450 was
1389 2397 1520 2450 doch

482 2470 634 2534 (nach
673 2470 820 2522 Cic.’s
842 2467 1021 2530 Urteil)
1051 2467 1324 2519 Cleanthes
1351 2466 1518 2518 selbst

484 2537 783 2592 nuerkennt.

553 2609 603 2661 3.
662 2607 910 2657 Socrates
949 2602 1240 2654 Alcibiadi.
1346 2600 1519 2665 Augu—

485 2675 604 2728 stin.
641 2672 705 2726 de
730 2674 828 2726 civ,
853 2670 908 2723 D.
933 2670 1060 2723 XIV.
1098 2673 1152 2723 8:
1188 2669 1522 2722 Alcibiadem

486 2741 676 2804 ferunt
693 2780 708 2804 ,
754 2756 874 2792 cum
895 2742 1000 2790 sibi
1023 2740 1208 2789 beatus
1230 2738 1521 2800 videretur,

486 2810 709 2862 Socrate
754 2809 1058 2875 disputante
1119 2810 1173 2856 et
1225 2808 1276 2854 ci
1288 2844 1303 2870 ,
1362 2819 1524 2870 quam

485 2880 647 2928 miser
680 2881 827 2941 esset,
860 2876 1257 2926 demonstrante
1297 2874 1522 2934 flevisse,

487 2943 761 2996 Entweder
804 2944 894 2995 bat
929 2942 1031 2994 Cic.
1075 2941 1216 2992 diese
1250 2938 1522 2992 Auekdote

488 3027 581 3064 aus
605 3011 746 3063 einer
768 3026 867 3062 uns
904 3009 1174 3062 verlornen
1199 3007 1381 3068 Quelle
1409 3014 1522 3060 ent-

487 3079 649 3144 lehnt,
685 3078 810 3131 oder
841 3078 1019 3130 Platos
1053 3075 1379 3143 Darstellung
1414 3076 1523 3138 (Al-

488 3147 587 3200 cib.
611 3147 647 3200 1.
673 3162 723 3214 p.
750 3148 811 3200 61
830 3146 862 3198 d
898 3146 1023 3198 oder
1045 3143 1283 3213 Sympos.
1321 3160 1371 3210 p.
1398 3146 1519 3210 215)

488 3216 582 3268 auf
614 3215 757 3268 seine
792 3215 967 3267 Weise
1003 3211 1449 3278 ausgeschmuckt.

556 3285 699 3335 nihil
767 3286 997 3335 hominis
1057 3275 1334 3333 ‘dui-chaus
1404 3279 1526 3332 kein

489 3352 699 3406 Mensch
733 3352 857 3416 (wie
892 3367 949 3403 er
984 3352 1092 3404 sein
1128 3344 1338 3413 sollte)’.

558 3426 605 3475 5.
638 3437 695 3471 sc
719 3450 782 3458 —
809 3421 1127 3482 adflictaret,
1165 3418 1248 3469 fiir
1281 3416 1528 3478 adflicta·

486 3494 642 3540 retur
663 3491 767 3552 (27,
791 3490 893 3554 66),
918 3488 988 3540 ist
1010 3488 1200 3546 selten;
1227 3483 1292 3535 ad
1313 3484 1423 3534 Att.
1447 3483 1524 3537 111.

492 3559 580 3620 12,
608 3560 661 3610 1:
694 3557 796 3606 Hic
819 3562 878 3607 tu
910 3572 994 3608 me
1018 3568 1252 3615 accusas,
1278 3551 1426 3617 quod
1445 3567 1527 3601 mc

488 3625 772 3686 adflictam.
1058 3644 1075 3659 2

559 3693 607 3744 9.
643 3691 895 3757 Lyconis.
947 3691 1002 3743 L.
1040 3705 1134 3742 aus
1165 3684 1343 3751 Troas,
1381 3685 1522 3738 Stra-

490 3755 588 3811 tos'
615 3757 925 3825 Nachfolger
946 3759 1016 3809 im
1033 3758 1257 3825 Lyceum
1280 3755 1333 3807 in
1352 3755 1523 3807 Athen

490 3827 621 3892 (also
635 3825 870 3893 Peripate
877 3825 1043 3892 tiker),
1055 3823 1213 3879 durch
1223 3822 1523 3876 Beredsam-

1691 2267 1770 2317 11.
1810 2263 1954 2326 Quid
2002 2268 2165 2329 crgo?
2230 2265 2371 2316 illud
2417 2290 2484 2305 -·-
2526 2266 2655 2317 c‘on—

1621 2333 1829 2382 stabat?
1860 2330 2012 2383 Sinu:
2050 2333 2192 2384 dieze
2223 2334 2341 2396 (des
2364 2334 2523 2400 Lyco)
2545 2335 2657 2386 An-

1626 2398 1761 2451 sicht
1800 2398 1928 2450 wird
1963 2398 2122 2452 durch
2156 2399 2250 2452 das
2283 2401 2507 2454 erzfiblte
2536 2400 2659 2454 Bei-

1619 2466 1752 2533 spiel
1766 2466 1858 2518 des
1866 2466 2159 2520 Alcibiades
2180 2469 2458 2534 schlagend
2471 2469 2658 2520 wider-

2758 170 2762 219 Ι

2758 230 2766 265 l

2761 296 2770 329 Ι

2758 360 2766 389 ε

1621 2535 1744 2600 legt.
1813 2532 1930 2599 νει.
1966 2533 2029 2587 V.
2066 2539 2114 2598 5,
2158 2538 2242 2588 13:
2280 2537 2661 2603 Quidigiturr
2705 2578 2714 2595 .
2817 2530 2820 2595 2²

1694 2603 1775 2655 12.
1808 2602 1913 2667 Ad,
1950 2618 1990 2655 ε.
2026 2603 2062 2654 1.
2098 2607 2148 2668 4,
2184 2606 2214 2655 7
2251 2619 2315 2656 zu
2350 2607 2425 2656 ad
2455 2606 2530 2660 id.

1694 2672 1775 2722 15.
1827 2686 1935 2721 non
1982 2673 2082 2722 tibi
2116 2673 2216 2722 hoc
2246 2673 2367 2737 soli,
2403 2689 2474 2725 sc.
2510 2676 2659 2725 acci-

1625 2739 1729 2798 dit3
1777 2738 1857 2789 ein
1909 2738 2038 2790 auch
2085 2739 2165 2791 bei
2211 2740 2311 2791 den
2348 2742 2498 2793 Alton
2533 2742 2660 2794 sehr

1625 2805 2008 2886 qeyohnlicher
2042 2805 2376 2873 Trostgrund.
2448 2808 2659 2862 Soliu-

1622 2873 1938 3013 nf'lcgffissoxa
1952 2912 2321 3012 idvfi'paiwcaa
2335 2939 2448 3010 μηδ
2457 2937 2472 2958 ’
2489 2939 2660 3013 ὑπερ-

1656 3072 1824 3149 «ssya,
1859 3081 2041 3130 κακοῖς
2059 3027 2378 3164 4γιὶρμεἷοῖἰρῖἰῖ
2404 3077 2659 3148 πρόσκει-

2175 3163 2269 3199 σαι
2301 3167 2458 3214 μονη.

1626 3210 1783 3265 Ovid:
1822 3214 2072 3265 Solamen
2098 3218 2308 3266 miserie
2339 3220 2512 3268 socios
2558 3218 2663 3269 lm·

1632 3283 1805 3332 baisse
1836 3283 2119 3336 malorum.

1702 3351 1782 3403 16.
1815 3353 1881 3400 ut
1911 3351 2058 3402 dioei:
2095 3353 2178 3415 25,
2215 3352 2297 3404 60.

1703 3420 1782 3470 19.
1813 3419 2254 3483 praedicandum,
2292 3418 2400 3471 hier
2433 3420 2534 3471 wie
2569 3421 2663 3485 24,
2691 3466 2698 3473 .

1631 3487 1696 3538 58
1717 3511 1783 3532 ===
1800 3488 2174 3552 exponendum
2190 3486 2274 3541 od.
2294 3487 2664 3550 affermdum;

1631 3552 1936 3637 Chrysippi,
1959 3569 2030 3606 sc.
2056 3557 2366 3637 consolatio,
2392 3558 2541 3636 ⁸·.3¹’
2571 3560 2663 3638 ‘'Iti.

1697 3623 1771 3673 ad
1819 3627 2100 3674 veritatem
2149 3625 2256 3675 hier
2301 3638 2360 3675 so
2408 3624 2665 3690 viel-wie

1619 3680 1696 3740 ‘in
1721 3689 1811 3741 der
1828 3690 2063 3756 Theorie,
2086 3694 2147 3742 in
2169 3683 2474 3745 abstracto'.
2519 3691 2668 3746 Uber

1626 3754 2062 3880 adliincffifgicm
2098 3752 2202 3811 auf'
2239 3761 2321 3812 bei
2345 3759 2666 3824 Adjektiven

1625 3840 1666 3876 ε.
1745 3862 1758 3877 .
1832 3864 1845 3890 ,
1951 3864 1965 3879 .
