2834 4317
1059 191 1250 245 LIBER
1282 191 1367 245 lv,
1407 194 1490 257 16,
1510 195 1594 246 36.
2311 192 2391 252 75

238 372 406 443 agat,
453 371 519 424 ut
547 363 674 438 ille,
717 363 820 443 qui
863 363 1215 445 voluptatem
1243 367 1435 427 animi
1472 367 1719 428 nimiam
1756 384 2048 429 summum
2087 386 2202 429 esse
2229 386 2398 430 erro-

235 467 363 510 rem
404 447 741 510 arbitratur.
821 448 1049 510 Eorum
1099 449 1279 529 igitur
1328 451 1621 512 malorum
1670 451 1733 511 in
1777 469 1896 511 una
1946 451 2161 514 virtute
2203 453 2395 532 posita

237 533 466 595 sanatio
497 541 603 595 est.

429 618 586 689 Quid
615 627 811 680 autem
842 626 932 680 est
972 638 1096 680 non
1137 618 1409 680 miserius
1451 619 1675 694 solum,

1718 619 1819 681 sed
1862 620 2092 682 foedius
2132 621 2323 684 etiam,
2335 630 2396 683 et
2427 629 2500 684 16

148 714 188 765 5
234 702 561 765 deformius
591 722 770 783 quam
799 703 1167 779 aegritudine
1214 704 1346 782 quis
1389 703 1692 780 adflictuS,
1736 704 2102 780 debilitatuS,
2149 702 2395 769 iacens?

237 787 346 850 Cui
376 787 645 850 miseriae
673 806 999 867 proxumus
1030 796 1120 850 est
1149 789 1217 863 is,
1252 789 1353 868 qui
1385 790 1875 870 appropinquans
1904 790 2142 870 aliquod
2171 791 2393 853 malum

218 873 450 934 metuit
480 873 962 953 exanimatusque
992 874 1215 954 pendet
1244 874 1444 934 animi.
1506 873 1698 945 Quam
1724 875 1842 935 vim
1870 875 2009 936 mali
2052 876 2395 954 significan-

235 965 325 1019 tes
355 967 563 1037 poetae
592 958 938 1038 impendere
970 959 1127 1038 apud
1157 958 1381 1021 inferos
1412 977 1621 1020 saxum
1650 960 1898 1021 Tantalo
1928 960 2155 1021 faciunt

419 1040 529 1105 ‘ob
549 1044 762 1105 scelera
783 1047 1072 1124 animique
1101 1047 1477 1123 inpotentiam
1506 1045 1560 1105 e't
1587 1045 2191 1127 superbiloquentiam

121 1137 191 1188 10
232 1126 319 1187 Ea
351 1127 686 1190 communis
715 1147 911 1208 poena
939 1128 1220 1190 stultitiae
1251 1137 1372 1203 est;
1412 1128 1691 1190 omnibus
1720 1129 1900 1204 enim,
1930 1148 2189 1208 quorum
2219 1149 2392 1193 mens

233 1212 518 1274 abhorret
543 1231 577 1273 a
607 1213 871 1286 ratione,
918 1231 1157 1294 semper
1185 1175 1372 1292 aliqui
1410 1214 1542 1275 talis
1582 1222 1775 1275 terror
1816 1214 2138 1294 impendet.
2198 1216 2393 1294 Atque
2436 1228 2495 1279 36

231 1305 299 1358 ut
328 1297 478 1359 haec
505 1296 774 1360 tabificae
805 1300 1022 1360 mentis
1052 1298 1533 1378 perturbationes
1578 1306 1751 1373 sunt,
1797 1298 2226 1378 aegritudinem
2258 1300 2391 1362 dico

231 1389 291 1443 et
334 1392 555 1443 metum
571 1429 588 1457 ,
640 1384 727 1445 sic
770 1383 1077 1445 hilariores
1128 1383 1257 1444 illae
1275 1428 1292 1458 ,
1345 1384 1634 1463 cupiditas
1685 1383 1850 1444 avide
1889 1402 2126 1463 semper
2168 1384 2391 1465 aliquid

231 1475 519 1546 expetens
549 1476 608 1529 et
637 1469 832 1530 inanis
861 1468 1157 1543 alacritas,
1189 1468 1245 1529 id
1280 1477 1369 1530 est
1396 1468 1618 1530 laetitia
1647 1468 1939 1549 gestiens,
1983 1487 2107 1530 non
2138 1470 2391 1531 multum

112 1561 182 1613 15
228 1551 514 1614 differunt
556 1552 628 1613 ab
670 1554 945 1615 amentia.
1014 1553 1102 1614 Ex
1146 1572 1265 1632 quo
1310 1552 1673 1633 intellegitur
1715 1554 1903 1633 qualis
1932 1553 2030 1614 ille
2060 1554 2167 1629 sit,
2213 1573 2391 1634 quem

227 1644 356 1697 tum
386 1639 786 1715 moderatum,
829 1638 969 1700 alias
996 1638 1358 1713 modestum,
1404 1647 1533 1699 tum
1560 1646 2025 1718 temperantem,
2070 1639 2211 1701 alias
2242 1658 2389 1701 con-

226 1730 485 1783 stantem
527 1723 1054 1802 continentemque
1098 1722 1377 1800 dicimus3
1443 1742 1568 1785 non
1612 1742 1941 1803 numquam
1990 1724 2137 1785 haec
2183 1725 2388 1786 eadem

225 1807 510 1869 vocabula
541 1809 613 1869 ad
640 1808 991 1889 frugalitatis
1033 1826 1255 1869 nomen
1286 1816 1587 1888 tamquam
1633 1809 1707 1869 ad
1748 1817 1927 1889 caput
1966 1810 2191 1871 referre
2220 1810 2389 1871 volu-

224 1909 376 1954 mus.
454 1892 628 1964 Quod
669 1893 787 1956 nisi
827 1912 899 1954 eo
943 1893 1189 1954 nomine
1231 1893 1474 1955 virtutes
1517 1895 2006 1966 continerentur,
2063 1912 2388 1974 numquam

219 2112 310 2165 auf
343 2112 442 2164 den
467 2112 591 2164 Vers
622 2112 714 2164 des
738 2111 1008 2164 Komikers
1043 2111 1102 2173 Q.
1128 2110 1251 2163 Tra-

216 2181 335 2246 bea,
369 2180 433 2232 de
457 2178 545 2232 fin.
562 2180 619 2232 11.
638 2184 687 2244 4,
712 2183 801 2234 13:
833 2179 1012 2232 Tanta
1038 2181 1250 2232 laetitia

219 2248 413 2301 anetus
446 2264 580 2314 sum,
614 2254 678 2300 ut
709 2249 854 2300 nihil
884 2248 1088 2299 co'nstet
1121 2277 1206 2299 —.

292 2319 337 2371 1.
363 2321 427 2367 ut
449 2316 556 2380 ille,
580 2317 685 2382 vgl.
710 2316 746 2368 1.
773 2318 857 2380 26,
875 2319 965 2370 64:
989 2321 1054 2367 ut
1075 2316 1248 2367 Plato.

287 2385 612 2449 voluptatem
624 2414 688 2422 —
703 2386 1026 2438 arbitratur.
1062 2383 1248 2435 Diesen

219 2451 350 2505 Vers
385 2452 478 2505 des
513 2451 711 2504 Trabea
746 2453 836 2504 hat
860 2451 1082 2519 Bentley
1117 2451 1249 2502 nach

216 2535 431 2573 unserer
464 2519 626 2572 Stelle
656 2520 761 2571 und
786 2521 848 2572 ad
886 2520 1005 2572 sam.
1038 2520 1096 2571 11.
1133 2522 1182 2581 9,
1219 2520 1250 2570 2

218 2588 299 2641 als
344 2588 504 2640 troch.
542 2586 750 2654 Septen.
795 2603 854 2639 so
892 2588 1085 2639 wieder
1137 2588 1253 2638 her-

216 2656 453 2722 gestellt:
512 2651 641 2721 'E'go
702 2656 1026 2722 voluptatem
1080 2654 1254 2706 a'nimi

214 2726 446 2776 nimiam
467 2722 733 2776 szlmmum
755 2741 864 2775 asse
886 2739 1124 2776 errorem
1160 2720 1253 2774 άν-

217 2795 410 2845 bitror.
466 2792 647 2844 Error
671 2784 1005 2857 ‘Verirrungss

291 2863 338 2912 5.
385 2863 568 2911 iacens
613 2853 696 2913 ‘zu
742 2859 921 2912 Boden
957 2855 1232 2927 gestreckt’
1239 2896 1253 2923 ‚

216 2929 324 2980 wie
358 2927 412 2980 11.
453 2929 534 2991 13,
568 2929 652 2980 32.

293 2999 340 3048 7.
372 2996 568 3062 pendet
600 2998 789 3049 animi.
868 2994 942 3047 So
978 2993 1043 3046 de
1077 2994 1179 3059 leg.
1214 2994 1250 3047 1.

217 3065 272 3128 3,
294 3065 352 3116 9:
375 3080 472 3129 ego
484 3064 657 3115 animi
668 3065 902 3130 pendere
913 3062 1072 3114 soleo.
1107 3061 1252 3114 Doch

217 3132 291 3183 ist
314 3135 484 3183 animi
506 3132 647 3183 nicht
670 3131 746 3184 als
772 3131 1005 3196 Genetiv,
1029 3130 1251 3182 sondern

219 3198 300 3251 als
334 3199 553 3251 Lokativ
584 3200 897 3258 anznsehen;
935 3215 976 3251 s.
1001 3198 1037 3250 1.
1076 3200 1158 3264 22,
1183 3201 1246 3253 51

215 3283 287 3319 zu
312 3268 510 3319 domui.
570 3267 642 3319 lm
665 3266 803 3319 Plur.
827 3267 958 3318 wird
988 3265 1137 3318 daffir
1160 3265 1252 3318 der

215 3335 338 3387 Abl.
374 3337 573 3387 animis
606 3339 828 3400 gesetzt;
876 3351 936 3387 so
969 3334 1006 3387 1.
1042 3337 1125 3397 40,
1163 3335 1246 3388 96.

293 3406 340 3456 8.
373 3404 761 3488 impendere—
697 3401 1010 3465 —s'aciunt.
1078 3402 1135 3453 ln
1158 3401 1249 3457 der

216 3471 438 3524 Bedeut.
465 3464 574 3524 ‘ich
616 3471 754 3524 lasse
790 3471 865 3536 (in
899 3471 1094 3523 meiner
1127 3469 1250 3522 Dar-

217 3539 468 3606 stellung)
516 3540 666 3592 einen
715 3543 878 3591 etwas
922 3532 1064 3591 thun'
1119 3537 1251 3590 wird

218 3605 371 3669 facio
397 3608 669 3660 bisweilen
695 3608 827 3659 auch
862 3608 954 3658 mit
988 3606 1104 3658 dem
1127 3607 1250 3658 Ace.

219 3690 268 3728 c.
303 3674 467 3740 Infim,
509 3675 836 3741 gewohnlich
870 3676 992 3727 aber
1024 3674 1131 3726 und
1166 3689 1254 3725 na-

217 3744 488 3809 mentlich,
525 3759 676 3795 wenn
712 3743 804 3796 das
828 3742 944 3808 obj,
979 3743 1093 3794 eine
1130 3743 1254 3794 han-

218 3811 408 3864 delnde
433 3810 626 3864 Person
663 3813 751 3875 ist,
784 3813 879 3863 mit
913 3810 1030 3863 dem
1065 3809 1252 3862 Partic.

218 3878 536 3933 verbunden.
563 3878 678 3947 Vgl.
700 3879 808 3932 Cat.
829 3878 896 3933 Μ.
925 3883 1005 3945 15,
1032 3881 1122 3932 54:
1146 3878 1251 3930 Ho-

222 1976 303 2037 ita
347 1978 754 2058 pervolgatum
797 1978 943 2039 illud
984 1988 1168 2053 esset,
1221 1987 1288 2040 ut
1329 1977 1445 2039 iam
1487 1979 1787 2059 proverbii
1827 1980 2026 2040 locum
2070 1980 2387 2051 obtineret,

1351 2128 1533 2164 mer-ua
1555 2113 1812 2167 Laertam
1837 2115 2024 2165 colen
2039 2118 2166 2165 tem
2190 2130 2388 2179 agrum

1352 2180 1518 2242 facit:
1547 2184 1706 2232 unten
1729 2180 1790 2234 V.
1819 2184 1898 2244 39,
1928 2184 2051 2234 115:
2077 2198 2198 2233 eum
2214 2185 2385 2233 ariete

1355 2250 1890 2315 conloquentem
1958 2247 2101 2309 facit
2168 2252 2387 2316 eiusque

1354 2317 1640 2367 laudare
1707 2317 1978 2376 fortunas.
2024 2345 2091 2354 —
2131 2305 2385 2384 Uhrigens

1352 2384 1484 2436 wird
1520 2384 1719 2437 sowohl
1762 2384 1854 2436 des
1889 2383 2137 2436 Tantalus
2173 2384 2384 2449 Schuld,

1353 2452 1455 2503 wie
1489 2452 1573 2504 die
1598 2452 1692 2503 Art
1728 2452 1895 2504 seiner
1924 2451 2093 2503 Strafe
2127 2452 2385 2504 verschie-

1353 2519 1454 2572 den
1503 2520 1820 2586 angegeben.
1905 2520 1961 2571 In
2010 2520 2248 2572 letzterer
2286 2519 2387 2571 Be-

1353 2588 1577 2653 ziehung
1609 2588 1714 2652 vgl.
1750 2587 1788 2639 1.
1824 2591 1871 2653 5,
1911 2591 1991 2641 10.

1424 2658 1473 2709 9.
1513 2657 1586 2708 Οὐ
1620 2657 1822 2707 scelera
1864 2663 1963 2708 cet.
2043 2654 2143 2707 Der
2176 2654 2385 2708 Dichter

1353 2723 1425 2775 ist
1459 2723 1775 2776 unbekannt.

1392 2792 1991 2910 superbiloquentiam,

1392 2830 2259 2926 ZaNooa(Eurip.Orest.10),an
2293 2859 2385 2911 der

1403 2928 1503 2979 asel
1551 2927 1640 2979 der
1676 2927 1867 2982 Gotter.
1922 2927 2082 2992 (Nach
2131 2927 2381 2979 anderen.

1356 2994 1449 3046 das
1485 2994 1792 3048 Schlachten
1840 2997 2010 3048 seines
2053 2994 2253 3048 Sohnes
2289 2993 2386 3047 Pe-

1354 3063 1489 3130 lope,
1526 3063 1607 3116 die
1642 3062 2002 3129 Entwendung
2034 3079 2138 3116 von
2169 3063 2386 3115 Ambro-

1353 3132 1431 3183 sia
1476 3132 1581 3184 und
1626 3130 1820 3184 Nektar
1865 3131 1946 3184 fiir
1990 3132 2176 3184 andere
2210 3130 2390 3184 Sterb·

1352 3199 1506 3264 liche,
1542 3216 1591 3254 u.
1627 3200 1752 3265 dgl.)

1427 3270 1504 3320 11.
1529 3267 1986 3333 aliqui—terror,
2010 3269 2111 3319 wie
2134 3267 2170 3319 1.
2193 3270 2274 3331 11,
2295 3269 2380 3321 23.

1425 3336 2212 3400 12.11a00,s.zu111.34,84.

1425 3406 1505 3455 14.
1552 3403 1613 3454 id
1654 3408 1747 3468 est,
1790 3419 1832 3455 s.
1879 3420 1944 3455 zu
1986 3402 2063 3453 111.
2086 3404 2190 3465 27,
2227 3404 2310 3455 65.

1425 3473 1503 3524 18.
1541 3475 1815 3553 tamquam
1838 3472 1925 3536 ad,
1961 3470 2151 3523 s.zu1.
2177 3441 2258 3534 ⁹11,
2284 3472 2379 3522 24:

1353 3542 1535 3661 qussass
1543 3510 2382 3672 ροιῖἔέιιὶἰιξιθιυέιιιξεξιιιιξωῑιιιῡρ-

1354 3674 1482 3741 sung
1506 3691 1571 3727 an
1596 3674 1687 3726 das
1716 3673 2166 3741 Vorhergehende;
2201 3691 2262 3726 eo
2285 3689 2383 3727 no-

1353 3747 1497 3793 mine
1526 3746 1753 3794 virtutes
1785 3747 1922 3794 cont.
1926 3743 2071 3810 ‚.vgl
2096 3743 2173 3795 111.
2198 3745 2246 3807 8,
2288 3745 2377 3797 16:

1352 3813 1528 3861 omnis
1543 3813 1685 3862 enim
1701 3812 2041 3875 abstinentia,
2058 3839 2127 3849 —
2141 3811 2381 3877 reliquas

1352 3881 1518 3930 etiam
1545 3882 1774 3930 virtutes
1802 3877 2099 3945 frugalitas
2126 3882 2377 3932 continet.

2084 2786 2384 2843 ἀκόλαστος
