2834 4317
888 184 1089 238 unna
1123 183 1207 237 Ν.
1247 188 1328 253 14,
1344 186 1428 239 32.
1448 186 1533 238 33.
1572 188 1653 251 15,
1671 186 1754 237 34.
2298 183 2381 242 73

399 356 548 418 Illud
581 356 917 418 animorum
946 374 1391 437 corporumque
1418 355 1729 430 dissimile,
1771 357 1932 435 quod
1972 356 2151 417 animi
2180 357 2382 419 valen·
2415 363 2493 419 14

224 451 318 503 tes
345 441 559 503 morbo
591 443 864 522 temptari
889 460 1012 504 non
1043 450 1313 522 possunt,
1343 459 1596 520 corpora
1618 451 1898 521 possunt3
1929 442 2030 503 sed
2064 460 2384 522 corporum

228 526 596 590 offensiones
634 528 764 590 sine
805 528 980 607 culpa
1023 527 1289 589 accidere
1342 534 1622 606 possunt,
1674 526 2009 588 animorum
2054 545 2175 589 non
2224 528 2383 603 item,

227 630 487 691 quorum
524 631 733 674 omnes
762 611 956 674 morbi
987 621 1046 673 et
1074 611 1558 691 perturbationes
1586 630 1659 672 ex
1693 612 2109 690 aspernatione
2139 613 2386 676 rationis

149 703 181 752 5
229 697 532 770 eveniunt.
614 698 821 777 Itaque
874 699 934 759 in
988 696 1330 759 hominibus
1379 696 1573 758 solum
1622 696 1943 773 exsistunt3
1997 714 2135 758 nam
2164 695 2385 761 bestiae

229 782 423 844 simile
448 783 723 862 quiddam
747 783 990 856 faciunt,
1022 783 1124 844 sed
1147 783 1210 843 in
1232 780 1716 861 perturbationes
1740 800 1863 842 non
1888 782 2178 844 incidunt.
2222 783 2388 845 Inter
2432 790 2492 842 32

227 875 438 930 acutos
467 876 663 930 autem
709 876 769 928 et
809 868 965 929 inter
1006 867 1249 929 hebetes
1288 867 1565 941 interest,
1609 866 1769 946 quod
1810 867 2141 946 ingeniosi,
2183 878 2252 929 ut
2288 887 2388 930 aes

231 952 606 1014 Corinthium
638 953 698 1014 in
729 952 1108 1032 aeruginem,
1149 952 1235 1015 sic
1263 952 1346 1013 illi
1376 952 1439 1012 in
1471 951 1745 1013 morbum
1776 959 1835 1013 et
1862 951 2137 1014 incidunt
2165 952 2389 1016 tardius

231 1048 295 1099 et
334 1046 683 1099 recreantur
726 1038 925 1110 ocius,
977 1037 1223 1099 hebetes
1264 1055 1387 1098 non
1440 1036 1601 1097 item.
1672 1037 1793 1098 Nec
1843 1056 1983 1098 vero
2033 1038 2096 1099 in
2150 1056 2389 1100 omnem

124 1130 186 1181 10
233 1122 512 1185 morbum
558 1141 625 1184 ac
668 1122 1181 1202 perturbationem
1224 1123 1460 1183 animus
1490 1121 1784 1201 ingeniosi
1827 1123 2013 1199 cadit;
2057 1133 2200 1184 sunt
2228 1124 2387 1186 enim

232 1208 422 1269 multa
452 1209 706 1269 ecferata
739 1216 799 1269 et
827 1207 1138 1282 immania,
1185 1208 1469 1286 quaedam
1500 1217 1695 1267 autem
1728 1207 2110 1269 humanitatis
2152 1226 2390 1287 quoque

20 1240 23 1343 ‚
231 1292 458 1354 habent
521 1293 769 1372 primam
817 1292 1096 1372 speciem,
1150 1301 1217 1354 ut
1266 1290 1707 1365 misericordia,
1760 1291 2098 1370 aegritudo,
2161 1301 2388 1359 metus.

20 1380 21 1457 l
230 1377 687 1458 Aegrotationes
716 1387 916 1439 autem
954 1377 1266 1456 morbique
1295 1376 1632 1438 animorum
1675 1376 1970 1438 difficilius
2011 1376 2178 1438 evelli
2208 1394 2387 1457 posse

20 1476 21 1543 ᾗ
230 1472 526 1543 putantur
552 1481 728 1542 quam
759 1481 987 1525 summa
1029 1463 1126 1523 illa
1156 1462 1325 1537 vitia,
1367 1480 1519 1541 quae
1554 1461 1870 1524 virtutibus
1899 1470 2040 1523 sunt
2068 1462 2391 1523 contraria.

20 1546 23 1581 ¹²
124 1557 184 1607 15
228 1547 457 1610 Morbis
496 1548 658 1610 enim
711 1547 1090 1610 manentibus
1141 1547 1277 1608 vitia
1319 1546 1549 1608 sublata
1588 1566 1718 1608 esse
1760 1557 2044 1628 possunt,
2089 1546 2227 1626 quia
2263 1566 2388 1608 non

231 1643 359 1694 tam
388 1633 664 1695 celeriter
692 1642 1010 1707 sanantur,
1057 1651 1232 1712 quam
1264 1633 1359 1693 illa
1389 1632 1702 1695 tolluntur.
1776 1631 1974 1694 Habes
2005 1650 2102 1707 ea,
2134 1650 2287 1711 quae
2318 1634 2392 1695 de
2434 1639 2494 1690 33

232 1718 792 1798 perturbationibus
821 1717 1130 1780 enucleate
1160 1719 1465 1797 disputant
1493 1716 1707 1791 Stoici,
1741 1734 1891 1796 quae
1918 1714 2155 1798 λογικὰ
2187 1717 2391 1797 appel-

231 1803 381 1878 lant,
411 1803 550 1882 quia
578 1803 956 1866 disseruntur
984 1803 1275 1865 subtilius.
1328 1801 1418 1863 Ex
1450 1801 1665 1881 quibus
1687 1802 1968 1881 quoniam
1990 1810 2295 1881 tamquam
2323 1821 2396 1864 ex

235 1889 606 1968 scrupulosis
637 1887 871 1950 cotibus
902 1888 1224 1968 enavigavit
1253 1887 1471 1961 oratio,
1515 1887 1778 1966 reliquae
1810 1887 2225 1967 disputationis
2255 1907 2393 1950 cur-

127 1982 191 2036 20
234 1990 374 2035 sum
401 1981 740 2047 teneamuS,
773 1973 948 2034 modo
980 1974 1120 2035 satis
1148 1973 1245 2035 illa
1274 1972 1531 2034 dilucide
1560 1972 1882 2035 dixerimus
1910 1990 2021 2052 pro
2052 1991 2254 2034 rerum
2285 1972 2394 2034 ob-

236 2058 539 2120 scuritate.
598 2058 664 2119 A.
695 2058 951 2120 Prorsus
980 2059 1153 2133 satis;
1184 2058 1287 2120 s'ed
1325 2057 1375 2119 si
1405 2076 1558 2137 quae
1588 2057 1928 2138 diligentius
1958 2068 2137 2119 erunt
2168 2077 2394 2138 cogno·

160 2206 167 2214 ,
233 2144 490 2217 scenda,
535 2161 889 2223 quaeremus
932 2143 1105 2218 alias;
1153 2162 1316 2205 nunc
1357 2143 1515 2217 vela,
1559 2161 1712 2222 quae
1741 2143 1919 2203 modo
1961 2142 2231 2216 dicebaS,
2292 2161 2393 2203 ex-

233 2236 572 2308 spectamus
602 2238 662 2290 et
689 2246 949 2290 cursum.

410 2313 493 2375 M.
540 2313 823 2388 Quando,
877 2321 945 2375 ut
991 2312 1119 2374 aliis
1161 2311 1308 2374 locis
1349 2313 1424 2373 de
1463 2311 1678 2374 virtute
1721 2318 1782 2373 et
1823 2310 2077 2372 diximus
2118 2319 2178 2371 et
2215 2329 2389 2392 saepe
2425 2294 2501 2426 ¹33

314 2433 360 2484 1.
380 2430 556 2481 animi
568 2431 818 2495 valentes,
836 2429 929 2485 d.i.
950 2429 1267 2492 derWeisen‚
1444 2430 1521 2481 10.
1557 2432 1687 2478 sunt
1729 2430 1869 2478 enim
1896 2455 1963 2465 —
1988 2429 2274 2492 immania,
2320 2443 2397 2480 er-

240 2498 400 2552 deren
448 2496 661 2565 Tugend
708 2498 840 2550 nach
889 2497 987 2549 den
1026 2496 1267 2550 Stoikern
1371 2496 1556 2560 giinze:
1594 2513 1628 2547 a
1665 2496 1858 2561 quibus
1879 2498 2151 2560 ingeniosi
2184 2498 2398 2547 animus

237 2565 590 2619 unverlierbar
613 2566 705 2627 ist;
743 2566 846 2632 vgl.
870 2565 947 2618 111.
975 2570 1023 2632 5,
1052 2569 1108 2619 11
1139 2571 1269 2618 extr.
1361 2564 1564 2630 procul
1595 2565 1849 2614 abhorret
1857 2583 1879 2628 ,·
1921 2563 2182 2629 quaedam
2217 2568 2397 2615 autem

236 2635 313 2686 lm
363 2633 637 2701 folgenden
680 2634 752 2686 ist
797 2633 990 2685 wieder
1028 2649 1130 2686 von
1167 2633 1267 2687 den
1371 2635 1491 2695 cet„
1525 2631 1635 2683 scil.
1669 2633 1731 2681 in
1766 2646 1905 2697 quae
1936 2630 2158 2693 facilius
2189 2633 2356 2685 cadit.

240 2703 459 2769 iibrigen
494 2700 771 2753 Menschen
808 2701 891 2753 die
925 2701 1082 2755 Rede.
1458 2701 1541 2751 12.
1601 2701 1798 2750 habant
1850 2702 2083 2765 primam
2142 2701 2395 2766 speeiemz

18 2804 19 2829 ÷
190 2798 193 2799 ν
310 2772 360 2823 2.
395 2785 682 2835 corporum
718 2769 1036 2832 offensiones
1071 2770 1180 2822 hier
1201 2794 1269 2816 -ι
1362 2761 1557 2819 ‘haben
1607 2766 1743 2818 beim
1799 2773 1970 2820 ersten
2020 2767 2245 2820 Anblick
2297 2766 2398 2821 den
2495 2808 2504 2815 .

242 2854 390 2905 corp.
425 2840 613 2889 morbi.
671 2837 889 2903 (Anders
924 2853 969 2894 c.
1000 2841 1062 2891 10
1085 2854 1136 2890 u.
1166 2840 1266 2904 11.)
1372 2835 1559 2888 Schein
1596 2827 1705 2887 —'.
1862 2838 1866 2842 ’

312 2908 361 2959 3.
397 2908 704 2957 animorum
731 2921 843 2956 non
876 2908 1020 2970 item,
1053 2922 1144 2958 zur
1166 2906 1269 2957 Ab·
1444 2905 1526 2957 16.“
1559 2903 1746 2967 Habes,
1781 2903 1887 2969 vgl.
1923 2919 1986 2956 zu
2019 2902 2056 2955 1.
2080 2905 2165 2968 49,
2194 2907 2306 2958 119.

242 2974 550 3040 wechslung
593 2973 675 3024 fiir
716 2989 827 3024 non
871 2979 1118 3039 pomum
1154 2988 1197 3026 s.
1231 2972 1269 3026 1.
1445 2975 1526 3025 17.
1566 2971 1839 3023 enucleate
1862 2965 2015 3024 ‘kurz
2049 2971 2155 3027 und
2189 2971 2401 3038 bundig,

242 3045 330 3109 48,
358 3044 456 3096 116
492 3057 556 3093 zu
591 3057 700 3093 non
737 3040 928 3103 defuit.
1372 3034 1744 3091 schmucklos’.

313 3112 362 3163 6.
395 3110 650 3161 simile—
667 3108 897 3174 faciunt,
940 3108 1021 3160 siu·
1092 3111 1270 3159 atiun-
1443 3103 1632 3175 λογικά
1664 3101 1913 3173 ‘logische
1950 3101 2145 3161 Sfitze'.

245 3183 339 3230 tur
357 3177 479 3230 oder
498 3179 707 3228 liabent.
762 3176 922 3230 Sonst
939 3124 1088 3228 1νίῐέ
1090 3176 1273 3237 facere
1447 3178 1526 3228 19.
1556 3175 1653 3227 rel.
1679 3176 1812 3241 disp.
1852 3190 2068 3226 cursum
2102 3180 2399 3228 teneamuez

245 3246 574 3314 gewobnlicb
623 3260 718 3297 nur
763 3246 839 3297 als
887 3244 1271 3297 Stellvertreter
1372 3243 1425 3294 in
1464 3241 1555 3295 der
1590 3243 1720 3295 noch
1758 3242 1971 3308 ubrigen
2008 3242 2401 3308 Untersuchung

245 3316 388 3367 eines
424 3313 750 3366 bestimmten
777 3327 1271 3379 vorangegangenen
1373 3311 1557 3364 weiter
1590 3310 1784 3377 segeln.
1851 3310 1947 3364 Mit
1981 3310 2095 3363 dem
2132 3309 2403 3362 Ausdruck

243 3382 498 3435 Verbums
535 3381 838 3448 gebraucbt;
875 3381 976 3434 wie
1010 3381 1045 3432 Ι.
1085 3384 1162 3446 11,
1189 3382 1272 3433 24.
1373 3379 1481 3444 vgl.
1520 3378 1646 3446 Kap.
1683 3382 1732 3443 4,
1759 3382 1806 3432 9.

311 3467 424 3502 non
456 3450 730 3511 incidunt,
779 3449 896 3500 weil
940 3448 1024 3501 die
1056 3453 1274 3515 pertur-
1447 3450 1529 3499 24.
1553 3446 1765 3499 Hiermit
1793 3447 2003 3513 beginnt
2026 3445 2116 3497 der
2139 3447 2186 3497 2.
2214 3443 2403 3509 Haupt-

248 3521 395 3571 balio
433 3518 523 3570 auf
554 3518 693 3569 einer
734 3520 918 3582 opinio
955 3517 1153 3582 beruht,
1189 3516 1272 3569 die
1376 3515 1467 3567 teil
1493 3515 1662 3567 dieses
1683 3514 1910 3566 Bucbes:
1937 3513 2028 3565 der
2045 3511 2265 3577 Beweis,
2290 3511 2404 3565 dats

248 3587 347 3640 den
382 3585 568 3637 Tieren
604 3585 808 3650 abgeht.
1378 3583 1462 3635 die
1473 3582 1895 3634 Leidenschaften
1907 3580 2232 3633 demWeisen
2246 3579 2407 3632 sremd

317 3659 366 3707 7.
401 3655 675 3719 ingeniosi
705 3680 764 3691 -
789 3656 869 3704 sio
903 3652 1004 3717 illi,
1040 3668 1081 3705 S.
1116 3651 1153 3706 1.
1193 3655 1276 3718 17,
1376 3651 1603 3715 bleiben,
1618 3650 1787 3703 wobei
1802 3651 1911 3702 bes.
1926 3665 2091 3717 gegen
2106 3648 2409 3714 diePeripa-
2443 3663 2448 3669 ·

248 3726 315 3776 40
351 3737 416 3775 zu
449 3725 528 3772 sio
563 3723 709 3772 haec.
1377 3718 1565 3771 tetiker
1586 3717 1900 3770 aussiihrlich
1919 3717 2239 3784 polemisiert
2263 3714 2408 3780 wird,

318 3807 408 3842 aes
435 3790 791 3852 corinthium,
817 3802 911 3840 aus
934 3786 1081 3853 Gold,
1108 3786 1276 3840 Silber
1377 3815 1447 3824 —
1482 3785 1610 3853 Καρ.
1649 3788 1731 3838 26.

249 3858 355 3912 und
391 3856 584 3925 Kupfer
617 3856 887 3923 gemischt.
1438 3854 1665 3917 Quando
1677 3854 1757 3906 fiir
1775 3856 2032 3919 quoniam
2052 3852 2176 3905 oder
2193 3852 2407 3918 quando
