2834 4317
909 184 1095 237 ussa
1129 191 1168 240 1.
1205 189 1289 252 32,
1328 190 1407 241 78.
1448 190 1528 240 79.
1569 191 1650 242 33.
2260 189 2361 258 ‚79

200 355 610 419 dimittamus?
656 377 758 418 eos
789 358 956 432 dico,
993 358 1093 438 qui
1126 358 1296 419 aiunt
1324 376 1568 420 manere
1601 359 1849 440 animos,
1881 380 2016 423 cum
2049 379 2082 421 e
2114 379 2368 441 corpore

201 442 602 516 excesserint,
648 443 748 505 sed
785 463 906 504 non
940 461 1199 524 semper.
1261 443 1327 503 A.
1361 444 1512 506 Istos
1555 463 1727 521 vero,
1775 448 1908 525 qui,
1955 445 2112 525 quod
2144 455 2266 507 tota
2306 447 2365 507 in

198 530 309 590 hac
355 546 534 589 causa
580 528 991 590 difficillimum
1037 537 1156 603 est,
1202 529 1547 607 suscipiant,
1596 549 1770 609 posse
1814 532 2077 593 animum
2126 549 2367 592 manere

198 632 458 693 corpore
488 622 817 688 vacantem,
849 615 992 675 illud
1024 622 1239 689 autem,
1274 615 1433 693 quod
1466 634 1587 676 non
1622 616 1800 682 modo
1828 618 1996 678 facile
2019 616 2092 677 ad
2116 617 2366 678 creden-

128 707 154 755 5
197 700 341 761 dum
374 705 500 770 est,
533 698 633 759 sed
667 718 739 760 eo
770 717 1091 773 concesse,
1122 700 1280 778 quod
1316 699 1551 776 volunt,
1584 719 1992 780 consequens,
2023 702 2078 763 id
2110 702 2365 763 circum-

198 785 406 847 cidant
434 791 522 857 ut,
556 802 691 845 cum
720 784 822 845 diu
855 785 1267 863 permanserit,
1300 802 1376 844 ne
1408 785 1683 847 intereat.
1737 786 1820 847 M.
1847 787 2007 848 Bene
2039 789 2367 868 reprehen-

201 871 312 945 dis,
344 878 404 930 et
434 888 499 930 se
531 869 645 929 isto
690 870 867 930 modo
898 888 995 931 res
1024 869 1217 935 habet.

375 953 695 1016 Credamus
727 954 909 1033 igitur
937 955 1218 1016 Panaetio
1249 973 1282 1015 a
1313 954 1560 1017 Platone
1584 973 1693 1016 suo
1714 954 2128 1018 dissentienti?
2176 956 2366 1028 Quem
2413 971 2475 1020 79

199 1039 367 1101 enim
400 1038 681 1100 omnibus
710 1039 859 1101 locis
889 1039 1182 1114 divinum,
1216 1059 1393 1120 quem
1424 1041 1959 1120 sapientissimum,
1989 1061 2165 1122 quem
2195 1059 2367 1103 sanc-

110 1133 157 1181 10
198 1125 530 1198 tissimum,
576 1142 750 1204 quem
783 1124 1109 1186 Homerum
1141 1124 1632 1206 pbilosophorum
1664 1126 1948 1206 appellat,
1992 1128 2172 1189 huius
2215 1127 2370 1187 hanc

203 1228 386 1271 unam
418 1210 775 1271 sententiam
809 1211 882 1271 de
925 1211 1365 1271 immortalitate
1395 1211 1731 1271 animorum
1763 1231 1886 1272 non
1917 1212 2149 1291 probat.
2236 1211 2372 1272 Volt
2446 1237 2449 1244 ·

203 1296 386 1366 enim,
421 1295 578 1373 quod
613 1314 790 1356 nemo
817 1304 1009 1374 negat,
1035 1295 1319 1375 quicquid
1346 1305 1546 1355 natum
1573 1296 1649 1356 sit
1675 1297 1951 1371 interire3
1986 1298 2148 1358 nasci
2172 1306 2366 1357 autem

204 1381 469 1454 animoS,
503 1380 663 1458 quod
694 1381 953 1442 declaret
982 1399 1190 1442 eorum
1219 1380 1539 1441 similitudo
1558 1424 1575 1453 ,
1602 1381 1724 1464 ,qui
1756 1393 2184 1460 procreentur,
2219 1399 2370 1459 quae

206 1466 386 1527 etiam
418 1466 477 1525 in
512 1465 799 1544 ingeniiS,
849 1486 970 1527 non
1019 1466 1213 1527 solum
1244 1466 1307 1526 in
1340 1465 1695 1543 corporibus
1724 1475 2023 1545 appareat.
2113 1467 2370 1528 Alteram

114 1557 164 1606 15
203 1559 403 1612 autem
436 1549 629 1611 adfert
656 1551 946 1612 rationem
967 1598 983 1624 ,
1032 1551 1178 1612 nihil
1224 1569 1353 1612 esse
1384 1551 1541 1629 quod
1575 1551 1798 1625 doleat,
1846 1552 1987 1631 quin
2034 1551 2093 1612 id
2126 1570 2370 1631 aegrum

206 1654 337 1697 esse
371 1637 611 1715 quoque
642 1637 828 1714 possit
841 1654 857 1709 ;
905 1636 1063 1716 quod
1095 1648 1289 1697 autem
1322 1636 1382 1696 in
1417 1634 1690 1696 morbum
1746 1637 1932 1710 cadat,
1977 1638 2032 1698 id
2066 1638 2240 1699 etiam
2271 1637 2371 1697 in-

206 1721 558 1795 teriturum3
590 1721 793 1782 dolere
824 1730 1017 1783 autem
1050 1722 1300 1795 animos,
1334 1739 1476 1799 ergo
1509 1720 1680 1781 etiam
1712 1722 1978 1782 interire.

381 1805 543 1867 Haec
571 1806 762 1868 refelli
792 1815 1065 1886 possunt.
1126 1807 1280 1867 Sunt
1310 1806 1469 1867 enim
1515 1806 1879 1883 ignorantis,
1912 1825 2047 1869 cum
2078 1807 2150 1867 de
2181 1814 2368 1867 aeter-
2396 1818 2481 1875 33

206 1957 403 2020 lassen)
438 1957 543 2023 vgl.
581 1955 646 2008 de
682 1972 755 2008 or.
779 1956 859 2008 111.
887 1958 967 2023 16,
987 1960 1079 2010 64:
1118 1957 1239 2020 Qua

205 2043 268 2077 re
291 2027 425 2076 istos
447 2025 786 2089 (Epicureos)
813 2029 929 2076 sine
963 2025 1078 2076 ulla
1113 2041 1236 2076 con-

207 2094 433 2145 tumelia
470 2093 832 2154 dimittamus-3
870 2094 1014 2145 ede.
1043 2095 1124 2157 18,
1146 2095 1235 2144 65:

207 2161 424 2214 Stoicos
469 2166 649 2212 autem
693 2177 826 2227 quos
876 2164 1094 2212 minime
1142 2163 1237 2211 im-

199 2233 396 2297 probo,
431 2229 646 2280 dimitto
687 2234 877 2281 tamen.

281 2301 328 2350 2.
389 2298 523 2348 Istos
577 2313 701 2349 vero
763 2313 833 2350 sc.
880 2298 1236 2357 dimittamus;

206 2366 319 2431 vgl.
355 2381 400 2416 z.
430 2369 512 2429 11,
537 2368 632 2418 25:
670 2381 812 2420 vero.

279 2437 376 2499 qui
408 2462 477 2472 —
509 2436 825 2500 suscipiant,
861 2448 933 2485 sc.
952 2429 1239 2493 defenden-

206 2503 356 2566 dum,
384 2503 484 2552 wie
508 2502 571 2554 de
597 2501 752 2556 divin.
779 2501 835 2555 ll.
851 2504 940 2566 210,
961 2501 1049 2553 84:
1091 2499 1239 2563 Quae

203 2575 255 2621 si
291 2572 667 2635 suscipiamus,
698 2571 850 2635 pedis
884 2570 1107 2633 offensio
1142 2584 1238 2619 no-

207 2642 291 2690 bis
314 2667 381 2676 -
406 2642 464 2688 et
489 2644 913 2689 sternutamenta
954 2641 1114 2688 erunt
1150 2639 1234 2687 ob-

206 2707 497 2758 servanda.

279 2777 329 2827 5.
343 2774 407 2825 id
421 2774 815 2825 circumcidant
832 2764 1237 2836 ‘beschrinken’,

209 2841 368 2896 naml.
395 2842 477 2894 die
503 2842 671 2907 ewige
699 2841 979 2894 Fortdauer
1007 2840 1131 2893 oder
1155 2840 1238 2892 die

211 2909 743 2976 Unvergiinglichkeit
782 2910 872 2962 der
907 2909 1076 2973 Seele,
1112 2907 1161 2962 d.
1188 2909 1238 2960 b.

208 2978 297 3030 die
350 2978 633 3030 Fortdauer
686 2977 958 3030 derselben
1004 2975 1099 3028 m'it
1151 2976 1242 3028 der

210 3045 619 3112 Beschriinkung
653 3047 969 3110 einriiumen,
1013 3042 1128 3096 dass
1164 3044 1240 3095 sie

209 3115 358 3167 nicht
395 3114 532 3180 ewig
569 3115 659 3167 sei.
736 3114 847 3180 Vgl.
885 3112 1028 3167 acad.
1063 3112 1120 3164 11.
1159 3114 1242 3173 45,

214 3186 339 3236 138:
386 3182 716 3250 Chrysippus
741 3211 804 3220 —-
831 3181 1171 3234 circumcidit
1193 3185 1246 3231 et

165 3269 166 3276 ¹
209 3256 463 3317 amputat
493 3251 891 3302 multitudinem
932 3250 1243 3315 (sententia-

209 3315 376 3382 rum).
410 3346 481 3359 —
516 3318 582 3369 Id
613 3320 794 3371 nimmt
830 3319 920 3370 das
945 3318 1131 3369 vorber
1154 3332 1241 3382 ge·

211 3394 381 3440 setzte
419 3387 561 3439 illud
596 3386 787 3439 wieder
822 3388 926 3449 auf,
973 3387 1071 3436 wie
1106 3384 1240 3436 Phil.

210 3454 271 3507 11.
294 3458 377 3519 12,
396 3458 489 3509 30:
534 3455 642 3518 ille,
680 3459 775 3520 qui
797 3456 1087 3506 stillantem
1105 3469 1240 3520 prae

211 3541 269 3574 se
296 3526 597 3589 pugionem
634 3524 775 3585 tulit,
811 3527 859 3573 is
885 3539 919 3574 a
944 3526 995 3572 te
1018 3523 1241 3573 lionoris

213 3607 381 3642 causa
417 3594 771 3643 nominatur?

285 3663 333 3714 6.
391 3665 457 3711 ut
486 3687 558 3700 —
591 3676 685 3722 ne,
755 3675 880 3710 von·
920 3674 1243 3725 consequens

214 3727 362 3791 abb,
414 3729 485 3780 ist
529 3731 755 3794 gesetzt,
801 3727 923 3777 weil
969 3726 1052 3778 die
1098 3725 1244 3778 Fort-

214 3795 373 3848 dauer
408 3796 497 3849 der
534 3796 684 3848 Seele
721 3796 836 3847 dem
860 3794 1115 3847 Wunscbe
1152 3794 1242 3846 des

217 3861 494 3916 Redeuden
555 3862 858 3929 entspricht.
952 3861 1100 3913 Wfire
1159 3862 1242 3914 die

1341 1955 1513 2008 blotse
1536 1954 1697 2023 Folge
1732 1956 2060 2024 angedeutet,
2096 1971 2155 2008 so
2192 1955 2368 2008 wilt-de

1340 2023 1434 2074 der
1459 2023 1620 2090 Regel
1645 2025 1776 2076 nach
1800 2030 1865 2075 ut
1885 2041 1996 2077 non
2020 2024 2220 2077 stehen.
2244 2023 2362 2090 Vgl.

1339 2089 1418 2145 111.
1457 2094 1539 2158 33,
1578 2094 1670 2154 81ς
1712 2092 1768 2144 V.
1808 2095 1888 2157 13,
1925 2095 2007 2146 39.

1407 2161 1552 2211 Bene
1586 2162 1958 2227 reprehendis,
2007 2178 2047 2214 s,
2084 2177 2147 2212 zu
2185 2159 2246 2212 V.
2284 2162 2366 2223 37,

1345 2230 1469 2281 1092
1505 2229 1667 2279 stulte
1702 2233 2019 2296 anteposuit.

1411 2297 1461 2349 8.
1495 2298 1773 2362 Panaetio,
1824 2313 1867 2351 s.
1927 2314 1992 2348 zu
2035 2299 2112 2361 18,
2148 2298 2230 2348 42.
2300 2295 2367 2346 Er

1343 2362 1548 2415 schrieb
1599 2379 1761 2430 gegen
1798 2363 1978 2416 Platos
2013 2364 2224 2415 Phiidon
2262 2362 2366 2414 und

1341 2432 1443 2496 gab
1469 2432 1538 2482 im
1565 2431 1851 2498 Gegensatz
1878 2449 1942 2483 zu
1968 2433 2135 2484 seiner
2161 2430 2366 2492 Schule,

1341 2500 1540 2551 welche
1566 2500 1680 2551 eine
1696 2499 2044 2565 Vernichtung
2067 2498 2157 2550 der
2182 2497 2365 2550 Seelen

1340 2571 1447 2619 erst
1498 2567 1584 2619 bei
1638 2567 1803 2620 einem
1859 2566 2218 2631 Weltbrande,
2276 2564 2367 2616 der

1340 2639 1671 2704 exaequatus,
1724 2636 1971 2700 annahm,
2025 2650 2119 2687 nur
2170 2635 2251 2686 ein
2306 2649 2366 2686 so

1338 2704 1521 2769 langes
1551 2702 1825 2756 Fortleben
1864 2702 2133 2756 derselben
2168 2717 2249 2767 zu,
2284 2701 2366 2754 bis

1341 2772 1418 2823 sie
1467 2772 1597 2824 nach
1644 2771 1759 2824 dem
1797 2772 2069 2825 Verlassen
2115 2771 2205 2824 des
2241 2769 2366 2822 Kor-

1340 2854 1460 2957 ἕως
1519 2856 1582 2892 zu
1644 2839 1760 2892 dem
1827 2841 1982 2893 ihnen
2042 2839 2366 2905 homogenen

1384 2907 1609 2959 lemente
1653 2909 1958 2975 gelangten‚
2010 2908 2065 2959 in
2117 2907 2233 2959 dem
2291 2907 2373 2957 sie

1342 2974 1479 3027 dana
1532 2977 1891 3043 untergingen.
1971 2975 2025 3029 S.
2080 2975 2209 3028 auch
2264 2974 2372 3026 den

1342 3043 1464 3096 krit.
1501 3043 1633 3095 Anb.

1412 3114 1463 3164 9.
1515 3115 1923 3163 sanctissimum
1983 3110 2081 3163 den
2136 3111 2365 3163 clu-wur-

1345 3179 1566 3245 digsten.

1418 3251 1498 3299 10.
1534 3248 1696 3298 huius
1720 3249 1859 3298 hanc
1893 3262 2056 3298 unam
2093 3250 2191 3300 cet.
2263 3246 2366 3297 Cic.

1347 3315 1437 3366 bat
1459 3317 1621 3366 liuius
1657 3314 1737 3366 fiir
1760 3318 1879 3367 eius
1912 3320 2127 3381 gesetzt‚
2164 3329 2248 3366 um
2286 3313 2369 3365 die

1345 3382 1573 3436 beliebte
1617 3382 1867 3435 Parataxe
1915 3383 2102 3434 zweier
2149 3380 2369 3434 Fon-men

1347 3451 1620 3504 desselben
1645 3451 1798 3504 Pron.
1821 3467 1885 3504 zu
1910 3451 2200 3517 gewinnen.
2248 3448 2368 3516 Vgl.

1351 3523 1433 3583 11,
1469 3521 1551 3573 24.

1419 3590 1499 3641 13.
1515 3601 1700 3639 eorum
1721 3587 2034 3651 similitudo,
2046 3600 2117 3638 sc.
2140 3602 2277 3652 quae
2296 3589 2379 3637 eis*

1347 3662 1425 3707 est
1460 3672 1581 3706 cum
1611 3657 1947 3721 parentibus.

1404 3726 1482 3777 18.
1508 3724 1648 3775 Sunt
1663 3726 1802 3772 enim
1820 3724 2131 3787 ignorantis
2148 3728 2245 3775 cet.
2269 3722 2371 3774 Cic.

1351 3791 1619 3857 widerlegt
1646 3791 1737 3841 das
1765 3791 1947 3841 zweite
1972 3792 2257 3855 Argument
2281 3790 2379 3841 des

1349 3858 1593 3910 Penatius
1619 3862 1806 3921 zuerst,
1831 3856 1981 3910 beide
2007 3858 2127 3909 eber
2150 3859 2244 3909 mit
2268 3858 2373 3909 sol·
