2834 4317
440 151 524 210 98
1173 146 1364 201 mBER
1398 147 1435 200 1.
1470 150 1557 214 44,
1594 148 1710 202 106.
1751 150 1864 202 107.

530 323 734 386 'Immo
769 325 1058 385 enimvero
1091 319 1304 403 corpus
1335 319 1574 384 Priamo
1604 319 1848 390 reddidi,
1879 317 2178 380 Hectorem
2207 320 2436 383 abstuli.

443 410 579 472 Non
606 409 790 489 igitur
803 407 1060 468 Hectora
1083 407 1327 480 traxisti,
1351 406 1457 467 sed
1473 425 1713 487 corpuS,
1739 405 1898 483 quod
1922 406 2119 467 fuerat
2135 405 2428 469 Hectoris.
2462 408 2624 471 Ecce

448 495 596 557 alius
627 493 895 555 exoritur
924 511 957 553 e
988 499 1164 567 terra,
1196 491 1296 571 qui
1328 500 1577 552 matrem
1608 490 1871 553 dormire
1902 510 2025 551 non
2056 490 2243 553 sinat:

583 579 796 651 Mater,
826 586 881 640 te
909 576 1151 658 appello.
1183 579 1265 649 tic,
1297 596 1441 659 quae
1469 595 1674 640 curam
1701 578 1900 639 sdmno
1929 580 2266 657 suspensam
2295 577 2471 652 levas,

581 665 775 746 Neque
819 664 876 725 τὲ
901 666 1020 725 mei
1042 666 1292 734 miseret,
1321 665 1492 743 sicrqe
1519 672 1572 725 et
1599 662 1774 743 sepeli
1800 665 2005 724 ndtum
2036 706 2052 722 .
2081 707 2097 722 .
2122 707 2137 722 .
2673 676 2705 725 5

447 785 533 796 —
554 750 716 812 Haec
747 767 883 811 eum
908 748 1130 828 pressis
1152 756 1214 809 et
1233 747 1530 810 flebilibus
1557 747 1748 809 modis
1764 793 1781 822 ‚
1828 747 1930 827 qui
1952 748 2093 810 totis
2114 748 2358 810 theatris
2380 749 2622 811 maesti-

450 836 592 897 tiam
636 836 932 907 inferant,
977 833 1418 909 concinuntur,
1464 834 1700 896 difficile
1731 841 1975 894 estnon
2007 853 2146 908 eos,
2192 833 2294 912 qui
2324 834 2620 897 inhumati

451 922 589 996 sint,
620 920 872 983 miseros
902 917 1164 980 iudicare
1195 954 1279 965 -

1261 1007 1438 1085 prius
1466 1021 1639 1084 quam
1668 1003 1832 1081 ferae
1860 1002 2228 1084 volucresque
2257 1052 2273 1071 .
2361 1050 2375 1065 .

452 1123 537 1134 —
557 1089 769 1151 metuit
798 1107 876 1150 ne
905 1088 1175 1150 laceratis
1200 1087 1484 1151 membris
1505 1088 1705 1150 minus
1725 1088 1882 1149 hene
1911 1096 2131 1163 utatur,
2164 1108 2241 1151 ne
2271 1089 2619 1164 combustiS,
2672 1102 2738 1152 10

457 1195 581 1236 non
615 1173 947 1237 extimescit
974 1208 1058 1219 -—
1974 1173 1979 1178 ’

763 1258 893 1320 Neu
922 1258 1220 1340 relliquias
1246 1260 1514 1321 semiesas
1541 1262 1707 1321 sireis
1735 1259 2040 1322 denudatis
2069 1260 2288 1322 desibus

766 1343 879 1406 Per
908 1345 1128 1407 terram
1153 1347 1317 1407 sanie
1345 1344 1625 1407 delibutas
1652 1343 1816 1422 foede
1851 1343 2203 1406 divemdn'er.

355 1444 436 1493 1οτ
454 1432 587 1493 Non
619 1430 903 1509 intellego
934 1430 1074 1509 quid
1107 1440 1359 1507 metuat,
1405 1448 1543 1492 cum
1586 1439 1707 1492 tam
1750 1431 1948 1491 bonos
1991 1428 2361 1511 septenarios
2406 1427 2620 1489 fundat

456 1517 527 1578 ad
557 1515 783 1577 tibiam.
844 1514 1197 1577 Tenendum
1228 1523 1316 1577 est
1358 1516 1542 1596 igitur
1587 1515 1734 1577 nihil
1765 1515 2094 1577 curandum
2126 1533 2257 1577 esse
2287 1522 2424 1594 post
2453 1532 2616 1574 mor·
2670 1529 2729 1577 15

453 1611 597 1676 tem,
628 1620 765 1663 cum
797 1600 967 1661 multi
996 1601 1271 1663 inimicos
1309 1602 1484 1662 etiam
1515 1611 1785 1663 mortuos
1813 1600 2199 1682 poeniuntur.
2257 1600 2617 1661 Exseeratur

455 1686 779 1748 luculentis
808 1703 953 1747 sane
982 1687 1251 1748 versibus
1281 1687 1435 1767 apud
1460 1686 1724 1748 Ennium
1758 1686 2072 1767 Thyestes,
2096 1686 2356 1766 primum
2376 1693 2446 1745 ut
2463 1702 2620 1746 nau-

456 1771 644 1850 fragio
675 1778 883 1851 pereat
911 1771 1143 1834 Atreus.
1203 1771 1435 1833 Durum
1464 1773 1579 1834 hoc
1608 1790 1784 1847 sane3
1829 1771 1961 1833 talis
1991 1771 2151 1833 enim
2180 1770 2459 1833 interitus
2489 1788 2613 1832 non

457 1867 546 1918 est
574 1857 706 1918 sine
733 1856 896 1936 gravi
925 1873 1103 1919 sensu
1119 1876 1137 1934 3
1167 1856 1264 1918 illa
1294 1857 1517 1932 inania,
1620 1905 1624 1910 .

530 1992 574 2044 1.
620 1991 761 2040 euim
794 1989 849 2041 in
885 1993 1154 2043 enimvero
1208 1989 1303 2042 hat
1353 1990 1489 2042 zwei

457 2056 619 2109 kurze
645 2056 841 2123 Silbeu‚
878 2058 940 2110 da
967 2075 1021 2110 m
1042 2075 1137 2111 vor
1160 2059 1325 2110 einem
1352 2057 1489 2110 Kon-

462 2130 714 2179 sonanten
739 2127 792 2177 in
816 2125 907 2179 der
923 2126 1120 2179 iilteren
1140 2126 1326 2179 Poesie
1345 2127 1490 2179 nicht

460 2194 877 2260 ausgesprochen
902 2211 964 2247 zu
991 2194 1199 2247 werden
1224 2195 1487 2248 brauchte.

528 2263 578 2314 2.
629 2262 772 2314 Ecce
823 2264 989 2315 alius:
1052 2262 1347 2330 Deiphilus,
1398 2263 1490 2316 der

1592 2005 1691 2044 nen
1726 1989 1831 2042 und
1855 1988 2146 2056 klagenden
2173 1987 2450 2040 Melodien.
2498 1986 2614 2052 Vgl.

1591 2057 1764 2120 Quint.
1789 2057 1855 2110 X.
1880 2060 1930 2123 3,
1959 2061 2081 2113 111:
2106 2058 2248 2109 Aliis
2273 2057 2402 2108 locis
2427 2058 2614 2118 citata,

1590 2127 1719 2178 aliis
1746 2143 1938 2194 pressa
1973 2128 2254 2177 conveniet
2289 2126 2485 2178 oratio.

1659 2197 1919 2261 theatris,
1969 2195 2081 2246 hier
2114 2209 2235 2246 vom
2270 2192 2616 2258 Theaterpu-

1591 2262 1867 2329 blikum,
1913 2263 2014 2315 wie
2049 2262 2105 2314 11.
2142 2264 2226 2328 26,
2261 2263 2355 2314 64:
2402 2261 2615 2312 nullum

1590 2334 1864 2384 theatrum
1883 2333 2079 2383 virtuti
2088 2332 2415 2382 conscientia
2431 2331 2616 2379 maius

460 2329 606 2383 Sohn
654 2329 746 2383 des
791 2330 1120 2384 thrakischen
1158 2330 1353 2398 Konigs
1386 2331 1489 2384 Po·

458 2399 477 2450 l
519 2404 748 2452 mnestor
805 2400 910 2452 und
964 2399 1054 2451 der
1104 2400 1264 2452 Iliona
1324 2401 1485 2464 (einer

508 2467 683 2520 ochter
718 2466 811 2520 des
847 2467 1126 2533 Priamus),
1174 2482 1268 2520 aus
1301 2467 1483 2521 Irrtum

461 2551 566 2588 von
602 2536 798 2588 seinem
834 2537 1018 2603 eignen
1040 2535 1197 2589 Vater
1232 2541 1358 2588 statt
1393 2536 1486 2588 des

460 2603 769 2672 Polydorus,
788 2604 880 2656 des
902 2606 1147 2672 jflngsten
1167 2604 1369 2657 Sohnes
1393 2603 1486 2657 des

461 2671 719 2736 Priamus,
756 2676 983 2737 getotet‚
1025 2701 1097 2714 —
1137 2674 1192 2725 in
1237 2672 1328 2724 der
1363 2671 1489 2725 Tra·

462 2739 615 2806 godie
649 2739 812 2791 Iliona
848 2755 951 2792 von
985 2739 1054 2795 M.
1089 2741 1343 2794 Pacuvius
1380 2744 1486 2805 (um

467 2810 565 2860 160
601 2821 652 2859 v,
677 2807 831 2870 Chr).
902 2808 1043 2859 Ecce
1077 2809 1202 2861 oder
1237 2824 1354 2860 ecce
1389 2811 1492 2860 tibi

462 2873 559 2939 (111.
584 2876 665 2939 19,
683 2876 773 2935 44)
809 2875 1016 2927 werden
1052 2876 1129 2928 als
1163 2863 1490 2943 Ubergangs-

465 2942 683 2996 formeln
744 2942 1054 3009 gebraucht,
1113 2959 1266 2996 wenn
1324 2948 1490 2997 etwas

464 3010 636 3063 Neues
660 3009 786 3061 oder
810 3009 1177 3064 Bedeutsames
1200 3012 1492 3079 eingefiihrt

467 3077 674 3132 werden
711 3078 828 3131 soll.

532 3149 582 3201 4.
634 3162 822 3198 curam
864 3175 934 3184 —
993 3163 1306 3213 suspensam
1404 3148 1488 3202 die

464 3213 849 3298 schwankende
913 3215 1236 3283 (fingstliche)
1296 3186 1484 3284 ἕοτςες

464 3283 1329 3419 εοῖποΝξὲΙιιιίήίεωηιΖυῖἐωητ,
1380 3354 1487 3406 ffir:

466 3424 521 3470 et
555 3436 715 3486 quam
735 3423 854 3472 mei
875 3437 986 3472 non
1011 3423 1241 3476 miseret.
1288 3421 1406 3488 Vgl.
1428 3421 1489 3476 V.

469 3491 531 3551 3,
568 3490 624 3542 8:
677 3504 900 3555 eumque
933 3517 1002 3529 —
1040 3489 1370 3552 disseruisse3
1426 3491 1491 3543 de

468 3560 597 3609 orat.
632 3557 687 3608 11.
714 3560 799 3620 74,
822 3559 947 3611 299:
998 3556 1384 3622 Themistocles,
1420 3560 1496 3611 ad

467 3639 624 3688 quem
659 3652 725 3662 —-
762 3629 1045 3677 accessisse
1092 3628 1293 3679 dicitur
1340 3631 1494 3694 eique

462 3692 901 3813 fiolffidtgshesse.
962 3682 1098 3747 Uber
1134 3694 1218 3748 die
1253 3693 1414 3748 Verse
1451 3711 1493 3748 S.

504 3799 518 3813 .
617 3800 632 3816 .
715 3779 745 3814 n
784 3800 799 3815 .

541 3832 589 3883 6.
618 3835 819 3897 pressis
853 3859 921 3871 —
956 3832 1141 3900 modis,
1176 3833 1229 3886 in
1264 3832 1494 3900 gehalte-

1587 2406 1688 2462 θείς
1735 2399 1800 2452 de
1836 2404 1964 2453 orat.
1999 2398 2080 2454 111.
2113 2402 2201 2466 330,
2239 2400 2363 2452 196:
2402 2398 2616 2449 theatra

1589 2474 1702 2521 tota
1734 2470 2049 2521 reclamant.
2100 2466 2253 2519 Ahnl.
2289 2465 2443 2518 Tusc.
2479 2464 2614 2532 disp.

1586 2537 1643 2589 11.
1684 2541 1731 2601 1,
1765 2538 1821 2589 3:
1859 2539 1927 2588 ab
1961 2539 2080 2603 ipso
2114 2533 2241 2596 foro
2275 2536 2455 2585 inv-isi.

1664 2606 1743 2658 12.
1763 2607 1935 2667 sireis,
1960 2604 2119 2656 iiltere
2131 2603 2278 2655 Form
2304 2602 2383 2655 fiir
2405 2603 2617 2655 siveris.

1661 2675 1742 2727 13.
1775 2674 1943 2737 sanie,
1969 2671 2339 2736 Wundjauche.

1664 2744 1743 2796 14.
1779 2744 2111 2806 septenarios
2139 2739 2355 2803 fundat,
2392 2737 2493 2789 wie
2527 2738 2616 2801 26,

1593 2812 1684 2863 64:
1711 2824 1929 2860 carmen
1950 2806 2200 2870 fundere.
2246 2796 2497 2872 Ubrigens
2522 2806 2616 2857 hat

1592 2879 1696 2931 Cic.
1720 2876 1862 2929 diese
1872 2876 2034 2929 Verse
2068 2875 2352 2928 irrtiimlich
2374 2879 2616 2941 septena-

1589 2949 1706 2999 rios
1740 2949 1866 2997 statt
1893 2948 2202 2998 octonarios
2223 2948 2467 3011 genennt,
2502 2955 2613 2993 was

1591 3014 1748 3067 daher
1780 3014 1967 3065 rfihren
2002 3028 2138 3079 mag,
2174 3010 2284 3064 dass
2321 3012 2403 3064 die
2426 3010 2615 3062 Romer

1591 3082 1674 3135 die
1702 3082 2029 3148 jamhischen
2067 3079 2478 3133 katalektischen
2513 3075 2619 3129 Te-

1590 3155 1834 3203 trameter
1904 3148 2187 3218 Septenare
2266 3164 2330 3201 zu
2411 3160 2615 3200 nennen

1588 3218 1832 3287 pflegten.

1661 3288 1741 3341 16.
1767 3302 1888 3338 cum
1906 3314 1969 3324 —
1983 3287 2319 3352 poeniuntur
2342 3283 2525 3350 gehort
2547 3297 2614 3336 zu

1592 3355 1876 3407 tenendum
1910 3358 1989 3404 est
2020 3353 2125 3406 und
2159 3354 2233 3405 ist
2251 3378 2321 3399 ε-
2344 3356 2458 3403 tum
2494 3366 2615 3403 cum

1590 3423 1831 3474 videmus
1864 3423 2059 3474 multos
2083 3451 2148 3460 —
2175 3423 2399 3488 poenit-i
2430 3426 2525 3485 (sc.
2549 3420 2613 3471 in

1591 3494 1823 3557 scaena).
1894 3493 2115 3543 Poenis-i
2148 3490 2215 3543 ist
2249 3490 2360 3542 hier
2393 3487 2520 3554 Dep.

1664 3563 1745 3613 17.
1791 3561 1941 3626 apud
1971 3559 2210 3611 Ennium
2251 3557 2524 3626 Thyestes,
2558 3553 2616 3608 in

1596 3627 1685 3680 der
1719 3628 2129 3694 gleichnamigen
2153 3626 2433 3693 Tragodie3
2469 3639 2617 3675 exse-

1596 3702 1785 3748 cratur
1811 3697 2072 3761 (wiinscht
2102 3704 2251 3748 unter
2278 3693 2616 3746 Verfluchun-

1596 3767 1734 3831 gen),
1780 3764 1935 3820 niml.
1986 3764 2234 3818 nachdem
2280 3764 2386 3815 ihm
2425 3762 2616 3813 Atreus

1596 3833 1739 3886 scine
1763 3832 1952 3888 Kinder
1986 3850 2103 3887 zum
2127 3832 2297 3886 Mahle
2320 3833 2617 3897 vorgesetzt
