2834 4317
142 1137 200 1187 10

140 1563 197 1613 15

944 184 1132 237 uBER
1165 184 1225 239 ιι.
1267 189 1348 253 14,
1381 187 1468 240 34.
1505 189 1587 251 15,
1623 188 1704 239 35.
2263 187 2402 249 „129

245 359 506 436 itemque
541 356 795 437 Lycurgi
836 355 1143 419 laboribus
1188 356 1470 418 erudiunt
1513 358 1903 432 iuventutem,
1947 360 2220 422 venando
2266 380 2405 423 cur·-

246 444 455 517 rendo‚
479 442 799 505 esuriendo
823 442 1097 518 sitiendo,
1121 442 1372 521 algendo
1397 444 1742 506 aestuando.
1797 445 2043 525 Spartae
2068 462 2205 507 vero
2231 447 2403 527 pueri

246 528 315 588 ad
346 546 507 589 aram
538 528 625 590 sic
652 527 1002 590 verberibus
1031 528 1431 607 accipiuntur,
2167 533 2172 540 '

653 624 732 676 ut·
748 614 966 675 multus
992 632 1022 675 e
1049 612 1358 675 visceribus
1385 616 1624 693 sanquis
1653 613 1839 686 emeat,

246 717 371 759 non
403 716 730 778 numquam
762 698 955 773 etiam,
1001 707 1085 779 ut,
1131 716 1266 759 cum
1313 696 1395 758 ibi
1441 717 1652 775 essem,
1696 698 2024 774 audiebam,
2056 701 2129 762 ad
2160 719 2402 776 necem;

246 801 500 862 quorum
531 803 654 845 non
694 784 871 845 modo
917 802 1094 845 nemo
1138 783 1483 845 exclamavit
1519 801 1819 863 umquam,
1865 785 1968 846 sed
2002 804 2080 847 ne
2110 787 2403 866 ingemuit

245 869 502 947 quidem.
559 868 714 940 Quid
745 867 934 949 ergo?
977 870 1093 931 hoc
1136 868 1309 948 pueri
1353 878 1626 948 possunt,
1675 869 1780 930 viri
1810 889 1937 931 non
1968 869 2297 950 poterunt?
2343 879 2405 933 et

243 972 375 1016 mos
405 954 574 1029 valet,
605 954 753 1015 ratio
787 974 910 1016 non
940 952 1193 1016 valebit?

414 1039 672 1100 Interest
708 1039 926 1119 aliquid
971 1040 1130 1101 inter
1183 1037 1453 1100 laborem
1497 1046 1557 1100 et
1599 1039 1899 1116 dolorem;
1956 1050 2100 1102 sunt
2150 1041 2397 1103 finitima
2431 1049 2504 1103 15

245 1123 513 1199 omnine,
559 1125 665 1186 sed
694 1134 893 1186 tamen
926 1125 1125 1186 differt
1165 1124 1403 1203 aliquid.
1466 1123 1662 1185 Labor
1704 1132 1795 1186 est
1836 1125 2065 1187 functio
2112 1128 2400 1205 quaedam
2443 1141 2504 1191 35

243 1209 332 1270 vel
363 1210 545 1271 animi
575 1210 667 1270 vel
698 1210 970 1291 corporis
1013 1210 1297 1290 gravioris
1328 1209 1527 1289 operis
1568 1221 1627 1270 et
1655 1211 1941 1283 muneris,
1990 1210 2161 1273 dolor
2203 1220 2399 1273 autem

241 1305 440 1356 motus
468 1313 645 1375 asper
674 1296 734 1356 in
771 1313 1024 1375 corpore
1050 1296 1281 1357 alienus
1311 1312 1344 1354 a
1374 1293 1672 1356 sensibus.
1728 1294 1888 1356 Haec
1912 1295 2029 1357 duo
2057 1296 2264 1357 Graeci
2294 1297 2399 1372 illi,

242 1398 502 1459 quorum
533 1381 835 1460 copiosior
863 1389 954 1442 est
982 1380 1183 1460 lingua
1207 1398 1385 1459 quam
1410 1388 1631 1452 nostra,
1662 1399 1788 1441 uno
1815 1381 2058 1454 nomine
2082 1382 2401 1462 appellant.

242 1466 446 1546 Itaque
477 1466 802 1528 industrios
831 1466 1103 1526 homines
1131 1466 1216 1527 illi
1244 1464 1542 1527 studiosos
1568 1464 1657 1525 vel
1679 1465 1877 1545 potius
1906 1467 2157 1529 amantis
2179 1467 2400 1529 doloris

239 1551 564 1632 appellant,
610 1571 722 1628 nos
769 1551 1137 1612 commodius
1173 1550 1537 1624 laboriosos3
1583 1550 1738 1610 aliud
1785 1558 1874 1612 est
1918 1552 2075 1612 enim
2107 1550 2398 1627 laborare,

227 1637 398 1698 aliud
427 1637 650 1698 dolere.
713 1636 762 1698 Ο
795 1635 1113 1698 verborum
1144 1636 1318 1716 inops
1361 1635 1684 1710 interdum,
1731 1634 1947 1715 quibus
1990 1636 2294 1698 abundare
2337 1646 2398 1700 te

241 1740 482 1802 semper
503 1729 702 1802 putaS,
723 1721 1000 1783 Graecia!
1044 1721 1238 1795 Aliud,
1270 1722 1535 1801 inquam,
1569 1729 1660 1782 est
1680 1721 1902 1796 dolere,
1927 1722 2082 1784 aliud
2107 1722 2396 1789 laborare.

240 1806 387 1869 Cum
431 1806 657 1868 varices
699 1806 1052 1869 secabantur
1096 1805 1160 1868 C.
1205 1806 1422 1880 Mario,
1468 1805 1730 1883 dolebat3
1785 1824 1922 1867 cum
1966 1817 2135 1869 aestu
2178 1826 2396 1888 magno

240 1892 495 1954 ducebat
524 1910 762 1972 agmen,
790 1890 1115 1953 laborabat.
1172 1891 1281 1953 Est
1310 1892 1467 1953 inter
1496 1891 1642 1952 haec
1672 1892 1957 1970 quaedam
2002 1903 2200 1955 tamen
2234 1893 2396 1955 simi-

235 1977 455 2053 litud03
502 1977 875 2039 consuetudo
915 1976 1075 2038 enim
1125 1976 1396 2038 laborum
1430 1978 1878 2056 perpessionem
1910 1976 2185 2041 dolorum
2217 1979 2398 2040 efficit

239 2160 370 2214 xlx.
406 2165 503 2216 179
540 2161 694 2215 beisst
729 2160 898 2214 Minos
931 2159 1071 2213 Διὸς
1099 2164 1264 2231 μεγά-

238 2226 336 2282 λου
370 2233 403 2282 ὀ
476 2232 640 2296 corde.

310 2301 358 2351 3.
384 2315 416 2349 a
477 2314 650 2362 aram,
687 2313 758 2350 sc.
793 2297 1009 2349 Dianae
1029 2298 1265 2351 Orthiae.

239 2364 357 2431 Vgl.
385 2365 446 2418 V.
465 2368 553 2430 27,
573 2369 653 2418 77.
713 2366 1031 2432 DieJenigen‚
1070 2365 1266 2418 welche

240 2433 323 2486 bei
368 2434 458 2487 der
493 2434 781 2500 jibrlicben
818 2433 1119 2499 Geitselung
1164 2431 1264 2486 den

237 2501 359 2569 Sieg
383 2503 476 2555 der
499 2500 934 2568 Standbaitigkeit
966 2502 1136 2554 davon
1162 2507 1266 2554 tru-

234 2585 355 2636 gen,
390 2569 591 2623 hiessen
622 2574 957 2638 βωμοντκαι.

302 2641 613 2690 verberibus
650 2642 999 2706 accipiuntur·
1028 2636 1261 2703 (traktie-

234 2709 362 2773 ren).
416 2693 639 2759 Ᾱιιηιῑοιι
672 2707 756 2759 lv,
794 2709 877 2772 sc,
915 2709 1003 2760 τε.
1057 2706 1173 2771 Quo
1207 2710 1261 2757 te

232 2775 419 2841 modo,
475 2778 683 2842 inquit,
754 2775 1096 2841 accepissem,
1152 2777 1263 2826 nisi

234 2845 415 2895 iratus
449 2847 641 2894 essm!
674 2844 728 2894 in
762 2842 909 2896 Verr.
941 2841 978 2894 1.
1017 2846 1100 2906 54,
1136 2845 1258 2896 140:

233 2912 375 2963 male
410 2912 610 2977 accipit
641 2913 818 2963 verbis
851 2910 1166 2963 nasaniam.

305 2982 356 3033 4.
391 2979 466 3031 Zu
502 2981 709 3031 viscera
744 2979 851 3046 νεὶ.
886 2981 937 3044 8,
973 2981 1056 3032 20.

303 3051 353 3103 ’1.
387 3054 616 3116 poscunt
645 3076 715 3089 --
749 3064 861 3099 non
891 3051 1184 3113 poterunt?
1218 3061 1261 3100 s.

233 3114 272 3167 1.
294 3119 378 3180 14,
395 3118 458 3169 31
486 3132 551 3167 zu
576 3118 795 3168 arbores
815 3121 958 3167 ser-ot
987 3115 1091 3167 und
1115 3115 1150 3167 l.
1175 3117 1260 3181 48,

238 3185 336 3236 116
361 3200 424 3237 zu
450 3200 559 3235 non
578 3183 769 3247 defuit.
806 3182 973 3236 Dutch
1000 3183 1083 3235 die
1100 3183 1262 3250 Frage

234 3252 382 3316 Quid
400 3256 569 3318 ergo?
603 3256 730 3306 statt
760 3250 853 3304 des
883 3249 1085 3303 blossen
1107 3252 1260 3318 Ergo

232 3320 365 3371 wird
413 3320 503 3372 der
548 3318 659 3374 Ton
706 3320 797 3373 der
837 3318 1261 3386 Verwunderung

230 3388 510 3454 gescha’irft.

304 3459 386 3508 10.
408 3459 627 3508 omnino
662 3456 756 3508 mit
793 3455 919 3522 folg.
937 3455 1034 3506 sed
1053 3460 1255 3507 tamen:

228 3523 528 3591 allerdings,
565 3524 666 3577 wie
700 3522 784 3577 IV.
812 3527 896 3588 24,
920 3526 1015 3586 533
1051 3523 1116 3575 ad
1149 3524 1256 3576 Au.

228 3590 356 3647 XIII.
394 3595 487 3658 48,
528 3595 581 3647 1:
652 3596 868 3644 veretur
925 3621 990 3631 -
1050 3587 1259 3662 ἀλόγως

229 3664 466 3723 omnino,
500 3662 597 3712 sed
626 3665 844 3712 vet-etm-
878 3664 1071 3712 umen.

298 3729 503 3793 differt,
548 3728 937 3795 unpersonlicb:
974 3744 1032 3780 es
1066 3728 1137 3779 ist
1170 3727 1254 3779 ein

226 3794 568 3850 Unterscbied
601 3796 916 3862 vorbanden,
951 3796 1053 3849 wie
1076 3795 1141 3847 de
1163 3794 1253 3848 fin.

227 3864 307 3917 111.
347 3869 438 3929 15,
476 3869 568 3919 50:
614 3865 828 3932 aliquid
861 3871 1063 3928 tamen,
1113 3864 1258 3930 quod

333 3957 484 4003 Cicero
512 3956 692 4001 Tuscul.
721 3957 759 4002 1.
800 3959 842 4002 9.
872 3957 994 4002 Auss.

1369 2159 1632 2225 differret,
1667 2177 1777 2212 esse
1806 2159 2118 2222 voluerim&
2153 2160 2219 2213 de
2244 2159 2332 2216 off.
2356 2160 2394 2214 1.

1369 2230 1453 2292 28,
1490 2230 1574 2281 99.

1435 2311 1650 2373 functio
1721 2340 1791 2351 -—
1844 2314 2018 2364 animi
2070 2340 2137 2350 —
2192 2316 2391 2377 oper-5⁸3

1367 2381 1465 2431 wir
1489 2394 1674 2446 sagen:
1694 2382 1790 2432 mit
1813 2379 1929 2446 dem
1955 2379 2100 2433 Geist
2123 2379 2247 2431 oder
2269 2379 2394 2431 Kor-

1367 2464 1476 2516 per.
1511 2447 1629 2514 vgl.
1653 2448 1729 2500 111.
1758 2451 1838 2512 17,
1864 2450 1959 2502 38:
1995 2445 2233 2509 formam
2262 2448 2394 2513 Epi-

1368 2519 1493 2567 mori
1523 2519 1667 2567 vitae
1701 2519 1910 2577 beatam
1946 2515 2030 2567 IV.
2050 2517 2202 2580 6,14:
2236 2530 2392 2580 prae-

1362 2587 1532 2635 sentis
1565 2585 1699 2635 mali
1718 2586 1977 2651 sapientis
2005 2581 2273 2648 adfectiog
2311 2585 2390 2646 13,

1364 2655 1456 2714 31;
1510 2655 1599 2717 17,
1633 2655 1719 2706 40.
1788 2651 1887 2704 Der
1932 2651 2057 2705 Gen.
2100 2651 2204 2707 obi.
2250 2649 2389 2703 kann

1362 2735 1458 2772 vor
1518 2721 1620 2773 und
1675 2722 1843 2773 hinter
1898 2719 2012 2772 dem
2067 2719 2193 2773 Gen.

1362 2788 1564 2844 steben.

1435 2876 1516 2928 12.
1538 2874 1749 2925 alienus
1782 2890 1817 2924 a
1850 2875 2112 2938 sensibus,
2159 2872 2260 2925 den
2293 2871 2393 2925 Ge-

1365 2942 1543 2995 ffihlen
1579 2941 2003 2995 widerstrebend.

1437 3029 1519 3080 13.
1560 3043 1671 3079 uno
1716 3030 1932 3078 nomino
1975 3025 2250 3093 appellant
2291 3031 2390 3078 cet.

1365 3094 1572 3147 Ciceros
1595 3094 2075 3147 Nationaleitelkeit
2097 3095 2168 3145 ist
2192 3095 2261 3145 im
2286 3092 2389 3145 Un-

1364 3163 1526 3215 recbt.
1585 3164 1732 3216 Auch
1756 3164 1846 3215 der
1868 3162 2086 3216 Grieche
2119 3162 2208 3214 bat
2243 3161 2392 3213 dusm-

1363 3230 1732 3283 verschiedene
1781 3230 2233 3296 Bezeicbnungen:
2289 3232 2388 3281 πό·

1362 3315 1460 3351 voc
1490 3322 1558 3344 -ι
1595 3299 1762 3364 labor,
1800 3295 1959 3368 ἄλγος
1990 3294 2198 3363 (ὀδύνη,
2234 3293 2391 3366 ἀλγη-

1365 3363 1505 3431 δών)
1539 3392 1608 3413 -ιι
1642 3368 1826 3434 dolor-3
1864 3366 1969 3418 und
1994 3368 2095 3418 wie
2130 3381 2186 3417 er
2217 3369 2391 3416 πόνος

1361 3436 1491 3486 auch
1512 3435 1582 3487 im
1608 3434 1766 3488 Sinne
1784 3450 1888 3487 von
1910 3431 2072 3504 ἄλγος
2087 3433 2385 3499 gebraucbt,

1358 3518 1420 3554 so
1456 3503 1546 3556 der
1569 3503 1804 3556 Lateiner
1839 3505 1968 3555 auch
2005 3500 2274 3554 bisweilen
2310 3502 2388 3553 la-

1358 3573 1474 3636 bor,
1523 3571 1803 3625 besonders
1854 3572 1979 3623 aber
2024 3571 2272 3623 laborare
2319 3593 2387 3615 .-

1360 3641 1555 3692 dolere.

1434 3728 1512 3777 14.
1552 3724 1823 3776 studiosos
1856 3751 1921 3761 —
1957 3724 2189 3776 doloris:
2236 3719 2384 3794 φιλο·

1358 3796 1579 3855 πόνους,
1606 3806 1717 3843 was
1739 3791 1863 3843 aber
1885 3814 1953 3836 -ι
1977 3794 2276 3844 laboriosus
2297 3793 2381 3843 ist.

1433 3862 1511 3914 18.
1551 3859 1604 3914 0.
1629 3859 1823 3911 Mario.
1882 3858 1999 3926 Vgl.
2036 3862 2119 3923 32,
2148 3861 2228 3913 53.

1945 3946 1976 3996 9

2249 2734 2391 2785 poss.
