<?xml version="1.0" encoding="UTF-8"?>
<!DOCTYPE html PUBLIC "-//W3C//DTD XHTML 1.0 Transitional//EN"
    "http://www.w3.org/TR/xhtml1/DTD/xhtml1-transitional.dtd">
<html xmlns="http://www.w3.org/1999/xhtml" xml:lang="en" lang="en">
 <head>
  <title>
</title>
<meta http-equiv="Content-Type" content="text/html;charset=utf-8" />
  <meta name='ocr-system' content='tesseract 3.04.00' />
  <meta name='ocr-capabilities' content='ocr_page ocr_carea ocr_par ocr_line ocrx_word'/>
</head>
<body>
  <div class='ocr_page' id='page_1' title='image "./mtulliiciceroni02sorogoog_0238.png"; bbox 0 0 2834 4317; ppageno 0'>
   <div class='ocr_carea' id='block_1_1' title="bbox 321 1182 380 1233">
    <p class='ocr_par' dir='ltr' id='par_1_1' title="bbox 321 1182 380 1233">
     <span class='ocr_line' id='line_1_1' title="bbox 321 1182 380 1233; baseline 0.017 -1"><span class='ocrx_word' id='word_1_1' title='bbox 321 1182 380 1233; x_wconf 80' lang='lat'>31</span> 
     </span>
    </p>
   </div>
   <div class='ocr_carea' id='block_1_2' title="bbox 418 146 1765 212">
    <p class='ocr_par' dir='ltr' id='par_1_2' title="bbox 418 146 1765 212">
     <span class='ocr_line' id='line_1_2' title="bbox 418 146 1765 212; baseline -0.005 -5"><span class='ocrx_word' id='word_1_2' title='bbox 418 147 501 207; x_wconf 84' lang='grc'>72</span> <span class='ocrx_word' id='word_1_3' title='bbox 1229 146 1425 201; x_wconf 85' lang='lat' dir='ltr'>LIBER</span> <span class='ocrx_word' id='word_1_4' title='bbox 1460 146 1543 203; x_wconf 75' lang='grc' dir='ltr'>Ν.</span> <span class='ocrx_word' id='word_1_5' title='bbox 1583 150 1663 212; x_wconf 84' lang='lat'>13,</span> <span class='ocrx_word' id='word_1_6' title='bbox 1682 149 1765 201; x_wconf 86' lang='lat'>31.</span> 
     </span>
    </p>
   </div>
   <div class='ocr_carea' id='block_1_3' title="bbox 415 318 2589 1422">
    <p class='ocr_par' dir='ltr' id='par_1_3' title="bbox 415 318 2589 1422">
     <span class='ocr_line' id='line_1_3' title="bbox 418 318 2587 400; baseline -0.002 -16"><span class='ocrx_word' id='word_1_7' title='bbox 418 341 564 385; x_wconf 86' lang='lat' dir='ltr'>esse.</span> <span class='ocrx_word' id='word_1_8' title='bbox 624 324 816 400; x_wconf 84' lang='lat' dir='ltr'><strong>Atque</strong></span> <span class='ocrx_word' id='word_1_9' title='bbox 848 319 1005 382; x_wconf 90' lang='lat' dir='ltr'>utin</span> <span class='ocrx_word' id='word_1_10' title='bbox 1050 319 1219 382; x_wconf 89' lang='lat' dir='ltr'>malis</span> <span class='ocrx_word' id='word_1_11' title='bbox 1247 319 1485 399; x_wconf 84' lang='lat' dir='ltr'>attingit</span> <span class='ocrx_word' id='word_1_12' title='bbox 1526 318 1709 380; x_wconf 89' lang='lat' dir='ltr'>animi</span> <span class='ocrx_word' id='word_1_13' title='bbox 1752 326 2023 380; x_wconf 91' lang='lat' dir='ltr'>naturam</span> <span class='ocrx_word' id='word_1_14' title='bbox 2067 319 2340 398; x_wconf 87' lang='lat' dir='ltr'>corporis</span> <span class='ocrx_word' id='word_1_15' title='bbox 2367 318 2587 382; x_wconf 90' lang='lat' dir='ltr'>simili-</span> 
     </span>
     <span class='ocr_line' id='line_1_4' title="bbox 417 404 2585 484; baseline -0.001 -16"><span class='ocrx_word' id='word_1_16' title='bbox 417 407 593 481; x_wconf 85' lang='lat' dir='ltr'>tudo,</span> <span class='ocrx_word' id='word_1_17' title='bbox 639 406 814 468; x_wconf 90' lang='lat' dir='ltr'>sicin</span> <span class='ocrx_word' id='word_1_18' title='bbox 858 404 1053 467; x_wconf 90' lang='lat' dir='ltr'>bonis.</span> <span class='ocrx_word' id='word_1_19' title='bbox 1115 406 1270 467; x_wconf 91' lang='lat' dir='ltr'>Sunt</span> <span class='ocrx_word' id='word_1_20' title='bbox 1299 404 1458 467; x_wconf 90' lang='lat' dir='ltr'>enim</span> <span class='ocrx_word' id='word_1_21' title='bbox 1504 404 1567 465; x_wconf 91' lang='lat' dir='ltr'>in</span> <span class='ocrx_word' id='word_1_22' title='bbox 1599 422 1853 484; x_wconf 83' lang='lat' dir='ltr'>corpore</span> <span class='ocrx_word' id='word_1_23' title='bbox 1896 404 2245 484; x_wconf 88' lang='lat' dir='ltr'>praecipua,</span> <span class='ocrx_word' id='word_1_24' title='bbox 2284 404 2585 479; x_wconf 86' lang='lat' dir='ltr'>valetudo,</span> 
     </span>
     <span class='ocr_line' id='line_1_5' title="bbox 415 488 2589 571; baseline -0 -19"><span class='ocrx_word' id='word_1_25' title='bbox 415 492 603 567; x_wconf 86' lang='lat' dir='ltr'>vires,</span> <span class='ocrx_word' id='word_1_26' title='bbox 647 490 1056 571; x_wconf 85' lang='lat' dir='ltr'>pulchritudo,</span> <span class='ocrx_word' id='word_1_27' title='bbox 1100 491 1375 566; x_wconf 87' lang='lat' dir='ltr'>firmitas,</span> <span class='ocrx_word' id='word_1_28' title='bbox 1420 488 1730 563; x_wconf 78' lang='lat' dir='ltr'>velocitaS‚</span> <span class='ocrx_word' id='word_1_29' title='bbox 1775 499 1918 550; x_wconf 90' lang='lat' dir='ltr'>sunt</span> <span class='ocrx_word' id='word_1_30' title='bbox 1945 489 2087 551; x_wconf 90' lang='lat' dir='ltr'>item</span> <span class='ocrx_word' id='word_1_31' title='bbox 2118 490 2178 551; x_wconf 91' lang='lat' dir='ltr'>in</span> <span class='ocrx_word' id='word_1_32' title='bbox 2222 489 2443 551; x_wconf 91' lang='lat' dir='ltr'>animo.</span> <span class='ocrx_word' id='word_1_33' title='bbox 2502 490 2589 552; x_wconf 80' lang='lat' dir='ltr'>Ut</span> 
     </span>
     <span class='ocr_line' id='line_1_6' title="bbox 419 574 2586 656; baseline -0.001 -18"><span class='ocrx_word' id='word_1_34' title='bbox 419 578 578 638; x_wconf 91' lang='lat' dir='ltr'>enim</span> <span class='ocrx_word' id='word_1_35' title='bbox 609 576 882 656; x_wconf 87' lang='lat' dir='ltr'>corporis</span> <span class='ocrx_word' id='word_1_36' title='bbox 913 576 1294 655; x_wconf 85' lang='lat' dir='ltr'>temperatio,</span> <span class='ocrx_word' id='word_1_37' title='bbox 1339 594 1475 636; x_wconf 87' lang='lat' dir='ltr'>cum</span> <span class='ocrx_word' id='word_1_38' title='bbox 1509 593 1577 635; x_wconf 94' lang='lat' dir='ltr'>ea</span> <span class='ocrx_word' id='word_1_39' title='bbox 1607 583 1952 654; x_wconf 81' lang='lat' dir='ltr'>congruunt</span> <span class='ocrx_word' id='word_1_40' title='bbox 1977 574 2135 637; x_wconf 87' lang='lat' dir='ltr'>inter</span> <span class='ocrx_word' id='word_1_41' title='bbox 2164 594 2256 648; x_wconf 87' lang='lat' dir='ltr'>se,</span> <span class='ocrx_word' id='word_1_42' title='bbox 2301 594 2333 636; x_wconf 93' lang='lat' dir='ltr'>e</span> <span class='ocrx_word' id='word_1_43' title='bbox 2361 574 2586 656; x_wconf 89' lang='lat' dir='ltr'>quibus</span> 
     </span>
     <span class='ocr_line' id='line_1_7' title="bbox 418 658 2585 740; baseline -0.001 -17"><span class='ocrx_word' id='word_1_44' title='bbox 418 670 792 734; x_wconf 84' lang='lat' dir='ltr'>constamus,</span> <span class='ocrx_word' id='word_1_45' title='bbox 834 665 1084 736; x_wconf 78' lang='lat' dir='ltr'><em>sanitas,</em></span> <span class='ocrx_word' id='word_1_46' title='bbox 1128 661 1214 722; x_wconf 88' lang='lat' dir='ltr'>sic</span> <span class='ocrx_word' id='word_1_47' title='bbox 1246 660 1428 722; x_wconf 90' lang='lat' dir='ltr'>animi</span> <span class='ocrx_word' id='word_1_48' title='bbox 1456 659 1703 733; x_wconf 87' lang='lat' dir='ltr'>dicitur,</span> <span class='ocrx_word' id='word_1_49' title='bbox 1747 677 1884 721; x_wconf 90' lang='lat' dir='ltr'>cum</span> <span class='ocrx_word' id='word_1_50' title='bbox 1915 658 2042 722; x_wconf 85' lang='lat' dir='ltr'>cius</span> <span class='ocrx_word' id='word_1_51' title='bbox 2082 659 2296 722; x_wconf 89' lang='lat' dir='ltr'>iudicia</span> <span class='ocrx_word' id='word_1_52' title='bbox 2343 660 2585 740; x_wconf 89' lang='lat' dir='ltr'>opinio-</span> 
     </span>
     <span class='ocr_line' id='line_1_8' title="bbox 418 744 2584 827; baseline -0.002 -18"><span class='ocrx_word' id='word_1_53' title='bbox 418 765 647 827; x_wconf 89' lang='lat' dir='ltr'>nesque</span> <span class='ocrx_word' id='word_1_54' title='bbox 677 746 1287 825; x_wconf 85' lang='lat' dir='ltr'>concordant,.eaque</span> <span class='ocrx_word' id='word_1_55' title='bbox 1317 745 1498 808; x_wconf 90' lang='lat' dir='ltr'>animi</span> <span class='ocrx_word' id='word_1_56' title='bbox 1522 752 1612 806; x_wconf 89' lang='lat' dir='ltr'>est</span> <span class='ocrx_word' id='word_1_57' title='bbox 1640 744 1844 819; x_wconf 85' lang='lat' dir='ltr'>virtus,</span> <span class='ocrx_word' id='word_1_58' title='bbox 1877 762 2053 824; x_wconf 89' lang='lat' dir='ltr'>quam</span> <span class='ocrx_word' id='word_1_59' title='bbox 2084 744 2181 806; x_wconf 90' lang='lat' dir='ltr'>alii</span> <span class='ocrx_word' id='word_1_60' title='bbox 2211 745 2400 825; x_wconf 80' lang='lat' dir='ltr'>ipsam</span> <span class='ocrx_word' id='word_1_61' title='bbox 2428 753 2584 806; x_wconf 90' lang='lat' dir='ltr'>tem-</span> 
     </span>
     <span class='ocr_line' id='line_1_9' title="bbox 419 826 2585 913; baseline -0.001 -20"><span class='ocrx_word' id='word_1_62' title='bbox 419 831 750 913; x_wconf 89' lang='lat' dir='ltr'>perantiam</span> <span class='ocrx_word' id='word_1_63' title='bbox 791 831 999 892; x_wconf 89' lang='lat' dir='ltr'>dicunt</span> <span class='ocrx_word' id='word_1_64' title='bbox 1040 826 1198 904; x_wconf 50' lang='lat' dir='ltr'>esse}</span> <span class='ocrx_word' id='word_1_65' title='bbox 1245 831 1341 891; x_wconf 91' lang='lat' dir='ltr'>alii</span> <span class='ocrx_word' id='word_1_66' title='bbox 1385 828 1897 909; x_wconf 80' lang='lat' dir='ltr'>obtemperantem</span> <span class='ocrx_word' id='word_1_67' title='bbox 1937 831 2364 911; x_wconf 83' lang='lat' dir='ltr'>temperantiae</span> <span class='ocrx_word' id='word_1_68' title='bbox 2404 848 2585 910; x_wconf 83' lang='lat' dir='ltr'>prae-</span> 
     </span>
     <span class='ocr_line' id='line_1_10' title="bbox 424 913 2584 996; baseline -0.001 -18"><span class='ocrx_word' id='word_1_69' title='bbox 424 916 612 996; x_wconf 85' lang='lat' dir='ltr'>ceptis</span> <span class='ocrx_word' id='word_1_70' title='bbox 642 925 702 977; x_wconf 90' lang='lat' dir='ltr'>et</span> <span class='ocrx_word' id='word_1_71' title='bbox 731 934 860 978; x_wconf 90' lang='lat' dir='ltr'>eam</span> <span class='ocrx_word' id='word_1_72' title='bbox 890 914 1356 995; x_wconf 85' lang='lat' dir='ltr'>subsequentem</span> <span class='ocrx_word' id='word_1_73' title='bbox 1386 934 1500 977; x_wconf 88' lang='lat' dir='ltr'>nec</span> <span class='ocrx_word' id='word_1_74' title='bbox 1528 913 1852 976; x_wconf 86' lang='lat' dir='ltr'>habentem</span> <span class='ocrx_word' id='word_1_75' title='bbox 1893 914 2073 977; x_wconf 87' lang='lat' dir='ltr'>ullam</span> <span class='ocrx_word' id='word_1_76' title='bbox 2104 915 2366 995; x_wconf 88' lang='lat' dir='ltr'>speciem</span> <span class='ocrx_word' id='word_1_77' title='bbox 2393 933 2584 989; x_wconf 72' lang='lat' dir='ltr'>suam,</span> 
     </span>
     <span class='ocr_line' id='line_1_11' title="bbox 423 999 2584 1080; baseline -0.001 -17"><span class='ocrx_word' id='word_1_78' title='bbox 423 1001 560 1075; x_wconf 90' lang='lat' dir='ltr'>sed,</span> <span class='ocrx_word' id='word_1_79' title='bbox 603 1000 724 1062; x_wconf 84' lang='lat' dir='ltr'>sive</span> <span class='ocrx_word' id='word_1_80' title='bbox 766 1001 884 1062; x_wconf 93' lang='lat' dir='ltr'>hoc</span> <span class='ocrx_word' id='word_1_81' title='bbox 925 1000 1045 1062; x_wconf 87' lang='lat' dir='ltr'>sive</span> <span class='ocrx_word' id='word_1_82' title='bbox 1089 1000 1233 1063; x_wconf 91' lang='lat' dir='ltr'>illud</span> <span class='ocrx_word' id='word_1_83' title='bbox 1275 1001 1380 1075; x_wconf 86' lang='lat' dir='ltr'>sit,</span> <span class='ocrx_word' id='word_1_84' title='bbox 1424 1000 1486 1062; x_wconf 93' lang='lat' dir='ltr'>in</span> <span class='ocrx_word' id='word_1_85' title='bbox 1531 1000 1660 1061; x_wconf 92' lang='lat' dir='ltr'>solo</span> <span class='ocrx_word' id='word_1_86' title='bbox 1705 1018 1835 1061; x_wconf 89' lang='lat' dir='ltr'>esse</span> <span class='ocrx_word' id='word_1_87' title='bbox 1880 1000 2163 1080; x_wconf 86' lang='lat' dir='ltr'>sapiente.</span> <span class='ocrx_word' id='word_1_88' title='bbox 2235 999 2346 1062; x_wconf 85' lang='lat' dir='ltr'>Est</span> <span class='ocrx_word' id='word_1_89' title='bbox 2381 1007 2584 1061; x_wconf 88' lang='lat' dir='ltr'>autem</span> 
     </span>
     <span class='ocr_line' id='line_1_12' title="bbox 425 1084 2586 1166; baseline -0.001 -19"><span class='ocrx_word' id='word_1_90' title='bbox 425 1087 714 1166; x_wconf 86' lang='lat' dir='ltr'>quaedam</span> <span class='ocrx_word' id='word_1_91' title='bbox 755 1085 938 1147; x_wconf 93' lang='lat' dir='ltr'>animi</span> <span class='ocrx_word' id='word_1_92' title='bbox 980 1086 1227 1161; x_wconf 84' lang='lat' dir='ltr'>sanitas,</span> <span class='ocrx_word' id='word_1_93' title='bbox 1266 1104 1420 1165; x_wconf 92' lang='lat' dir='ltr'>quae</span> <span class='ocrx_word' id='word_1_94' title='bbox 1451 1086 1514 1147; x_wconf 91' lang='lat' dir='ltr'>in</span> <span class='ocrx_word' id='word_1_95' title='bbox 1556 1084 1937 1164; x_wconf 84' lang='lat' dir='ltr'>insipientem</span> <span class='ocrx_word' id='word_1_96' title='bbox 1980 1085 2153 1146; x_wconf 87' lang='lat' dir='ltr'>etiam</span> <span class='ocrx_word' id='word_1_97' title='bbox 2200 1086 2400 1159; x_wconf 88' lang='lat' dir='ltr'>cadat,</span> <span class='ocrx_word' id='word_1_98' title='bbox 2444 1103 2586 1147; x_wconf 81' lang='lat' dir='ltr'>cum</span> 
     </span>
     <span class='ocr_line' id='line_1_13' title="bbox 425 1170 2587 1234; baseline -0.001 -2"><span class='ocrx_word' id='word_1_99' title='bbox 425 1171 733 1234; x_wconf 85' lang='lat' dir='ltr'>curatione</span> <span class='ocrx_word' id='word_1_100' title='bbox 773 1171 1137 1232; x_wconf 85' lang='lat' dir='ltr'>medicorum</span> <span class='ocrx_word' id='word_1_101' title='bbox 1184 1170 1563 1232; x_wconf 88' lang='lat' dir='ltr'>conturbatio</span> <span class='ocrx_word' id='word_1_102' title='bbox 1605 1171 1824 1232; x_wconf 88' lang='lat' dir='ltr'>mentis</span> <span class='ocrx_word' id='word_1_103' title='bbox 1866 1171 2151 1231; x_wconf 79' lang='lat' dir='ltr'>aufertur.</span> <span class='ocrx_word' id='word_1_104' title='bbox 2224 1170 2300 1231; x_wconf 88' lang='lat' dir='ltr'>Et</span> <span class='ocrx_word' id='word_1_105' title='bbox 2339 1181 2407 1231; x_wconf 89' lang='lat' dir='ltr'>ut</span> <span class='ocrx_word' id='word_1_106' title='bbox 2447 1188 2587 1231; x_wconf 91' lang='lat' dir='ltr'>cor-</span> 
     </span>
     <span class='ocr_line' id='line_1_14' title="bbox 422 1254 2585 1338; baseline -0 -21"><span class='ocrx_word' id='word_1_107' title='bbox 422 1256 588 1338; x_wconf 89' lang='lat' dir='ltr'>poris</span> <span class='ocrx_word' id='word_1_108' title='bbox 619 1267 708 1318; x_wconf 88' lang='lat' dir='ltr'>est</span> <span class='ocrx_word' id='word_1_109' title='bbox 739 1257 1023 1335; x_wconf 85' lang='lat' dir='ltr'>quaedam</span> <span class='ocrx_word' id='word_1_110' title='bbox 1054 1264 1187 1336; x_wconf 87' lang='lat' dir='ltr'>apta</span> <span class='ocrx_word' id='word_1_111' title='bbox 1231 1257 1423 1335; x_wconf 85' lang='lat' dir='ltr'>figura</span> <span class='ocrx_word' id='word_1_112' title='bbox 1451 1254 1858 1317; x_wconf 86' lang='lat' dir='ltr'>membrorum</span> <span class='ocrx_word' id='word_1_113' title='bbox 1903 1274 2039 1317; x_wconf 88' lang='lat' dir='ltr'>cum</span> <span class='ocrx_word' id='word_1_114' title='bbox 2070 1254 2286 1317; x_wconf 86' lang='lat' dir='ltr'>coloris</span> <span class='ocrx_word' id='word_1_115' title='bbox 2329 1256 2585 1334; x_wconf 87' lang='lat' dir='ltr'>quadam</span> 
     </span>
     <span class='ocr_line' id='line_1_15' title="bbox 426 1339 2587 1422; baseline -0.001 -18"><span class='ocrx_word' id='word_1_116' title='bbox 426 1342 709 1404; x_wconf 86' lang='lat' dir='ltr'>suavitate</span> <span class='ocrx_word' id='word_1_117' title='bbox 761 1360 947 1421; x_wconf 88' lang='lat' dir='ltr'>eaque</span> <span class='ocrx_word' id='word_1_118' title='bbox 997 1341 1212 1404; x_wconf 88' lang='lat' dir='ltr'>dicitur</span> <span class='ocrx_word' id='word_1_119' title='bbox 1255 1341 1655 1422; x_wconf 76' lang='lat' dir='ltr'>pulchritudo,</span> <span class='ocrx_word' id='word_1_120' title='bbox 1716 1339 1799 1402; x_wconf 90' lang='lat' dir='ltr'>sic</span> <span class='ocrx_word' id='word_1_121' title='bbox 1860 1339 1920 1401; x_wconf 90' lang='lat' dir='ltr'>in</span> <span class='ocrx_word' id='word_1_122' title='bbox 1975 1340 2174 1402; x_wconf 88' lang='lat' dir='ltr'>animo</span> <span class='ocrx_word' id='word_1_123' title='bbox 2229 1340 2587 1419; x_wconf 87' lang='lat' dir='ltr'>opinionum</span> 
     </span>
    </p>
   </div>
   <div class='ocr_carea' id='block_1_4' title="bbox 425 1424 2600 1507">
    <p class='ocr_par' dir='ltr' id='par_1_4' title="bbox 425 1424 2600 1507">
     <span class='ocr_line' id='line_1_16' title="bbox 425 1424 2600 1507; baseline -0 -19"><span class='ocrx_word' id='word_1_124' title='bbox 425 1427 899 1507; x_wconf 87' lang='lat' dir='ltr'>iudiciorumque</span> <span class='ocrx_word' id='word_1_125' title='bbox 939 1426 1321 1506; x_wconf 88' lang='lat' dir='ltr'>aequabilitas</span> <span class='ocrx_word' id='word_1_126' title='bbox 1360 1435 1419 1488; x_wconf 89' lang='lat' dir='ltr'>et</span> <span class='ocrx_word' id='word_1_127' title='bbox 1460 1424 1792 1488; x_wconf 79' lang='lat' dir='ltr'>constantia</span> <span class='ocrx_word' id='word_1_128' title='bbox 1836 1443 1972 1487; x_wconf 92' lang='lat' dir='ltr'>cum</span> <span class='ocrx_word' id='word_1_129' title='bbox 2014 1425 2290 1487; x_wconf 88' lang='lat' dir='ltr'>firmitate</span> <span class='ocrx_word' id='word_1_130' title='bbox 2317 1425 2600 1505; x_wconf 85' lang='lat' dir='ltr'>quadam</span> 
     </span>
    </p>
   </div>
   <div class='ocr_carea' id='block_1_5' title="bbox 428 1509 2588 1762">
    <p class='ocr_par' dir='ltr' id='par_1_5' title="bbox 428 1509 2588 1762">
     <span class='ocr_line' id='line_1_17' title="bbox 428 1509 2588 1591; baseline -0.001 -18"><span class='ocrx_word' id='word_1_131' title='bbox 428 1521 489 1573; x_wconf 93' lang='lat' dir='ltr'>et</span> <span class='ocrx_word' id='word_1_132' title='bbox 516 1512 829 1574; x_wconf 89' lang='lat' dir='ltr'>stabilitate</span> <span class='ocrx_word' id='word_1_133' title='bbox 867 1511 1144 1574; x_wconf 86' lang='lat' dir='ltr'>virtutem</span> <span class='ocrx_word' id='word_1_134' title='bbox 1187 1511 1561 1591; x_wconf 89' lang='lat' dir='ltr'>subsequens</span> <span class='ocrx_word' id='word_1_135' title='bbox 1600 1519 1703 1572; x_wconf 92' lang='lat' dir='ltr'>aut</span> <span class='ocrx_word' id='word_1_136' title='bbox 1745 1509 1977 1572; x_wconf 88' lang='lat' dir='ltr'>virtutis</span> <span class='ocrx_word' id='word_1_137' title='bbox 2005 1510 2121 1571; x_wconf 88' lang='lat' dir='ltr'>vim</span> <span class='ocrx_word' id='word_1_138' title='bbox 2161 1510 2347 1590; x_wconf 92' lang='lat' dir='ltr'>ipsam</span> <span class='ocrx_word' id='word_1_139' title='bbox 2392 1510 2588 1572; x_wconf 88' lang='lat' dir='ltr'>conti-</span> 
     </span>
     <span class='ocr_line' id='line_1_18' title="bbox 429 1594 2586 1677; baseline -0.001 -19"><span class='ocrx_word' id='word_1_140' title='bbox 429 1616 583 1659; x_wconf 92' lang='lat' dir='ltr'>nens</span> <span class='ocrx_word' id='word_1_141' title='bbox 613 1597 991 1677; x_wconf 86' lang='lat' dir='ltr'>pulchritudo</span> <span class='ocrx_word' id='word_1_142' title='bbox 1021 1605 1284 1658; x_wconf 88' lang='lat' dir='ltr'>vocatur.</span> <span class='ocrx_word' id='word_1_143' title='bbox 1346 1598 1613 1676; x_wconf 86' lang='lat' dir='ltr'>Itemque</span> <span class='ocrx_word' id='word_1_144' title='bbox 1642 1594 1867 1657; x_wconf 78' lang='lat' dir='ltr'>viribus</span> <span class='ocrx_word' id='word_1_145' title='bbox 1909 1595 2179 1675; x_wconf 85' lang='lat' dir='ltr'>corporis</span> <span class='ocrx_word' id='word_1_146' title='bbox 2210 1603 2269 1657; x_wconf 92' lang='lat' dir='ltr'>et</span> <span class='ocrx_word' id='word_1_147' title='bbox 2299 1596 2497 1657; x_wconf 88' lang='lat' dir='ltr'>nervis</span> <span class='ocrx_word' id='word_1_148' title='bbox 2527 1603 2586 1656; x_wconf 92' lang='lat' dir='ltr'>et</span> 
     </span>
     <span class='ocr_line' id='line_1_19' title="bbox 428 1679 2588 1762; baseline -0.001 -18"><span class='ocrx_word' id='word_1_149' title='bbox 428 1682 761 1744; x_wconf 86' lang='lat' dir='ltr'>efficacitati</span> <span class='ocrx_word' id='word_1_150' title='bbox 790 1682 1009 1743; x_wconf 90' lang='lat' dir='ltr'>similes</span> <span class='ocrx_word' id='word_1_151' title='bbox 1037 1681 1327 1744; x_wconf 89' lang='lat' dir='ltr'>similibus</span> <span class='ocrx_word' id='word_1_152' title='bbox 1356 1701 1595 1762; x_wconf 89' lang='lat' dir='ltr'>quoque</span> <span class='ocrx_word' id='word_1_153' title='bbox 1636 1679 1832 1742; x_wconf 85' lang='lat' dir='ltr'>verbis</span> <span class='ocrx_word' id='word_1_154' title='bbox 1868 1680 2051 1742; x_wconf 90' lang='lat' dir='ltr'>animi</span> <span class='ocrx_word' id='word_1_155' title='bbox 2080 1681 2235 1743; x_wconf 86' lang='lat' dir='ltr'>vires</span> <span class='ocrx_word' id='word_1_156' title='bbox 2264 1680 2588 1742; x_wconf 84' lang='lat' dir='ltr'>nominan-</span> 
     </span>
    </p>
   </div>
   <div class='ocr_carea' id='block_1_6' title="bbox 368 1765 2587 1853">
    <p class='ocr_par' dir='ltr' id='par_1_6' title="bbox 368 1765 2587 1853">
     <span class='ocr_line' id='line_1_20' title="bbox 368 1765 2587 1853; baseline -0.001 -24"><span class='ocrx_word' id='word_1_157' title='bbox 368 1832 386 1853; x_wconf 35' lang='grc' dir='ltr'>δ</span> <span class='ocrx_word' id='word_1_158' title='bbox 428 1775 546 1829; x_wconf 87' lang='lat' dir='ltr'>tur.</span> <span class='ocrx_word' id='word_1_159' title='bbox 616 1765 891 1828; x_wconf 83' lang='lat' dir='ltr'>Velocitas</span> <span class='ocrx_word' id='word_1_160' title='bbox 931 1775 1127 1828; x_wconf 89' lang='lat' dir='ltr'>autem</span> <span class='ocrx_word' id='word_1_161' title='bbox 1173 1767 1443 1846; x_wconf 85' lang='lat' dir='ltr'>corporis</span> <span class='ocrx_word' id='word_1_162' title='bbox 1485 1768 1740 1830; x_wconf 75' lang='lat' dir='ltr'>celeritas</span> <span class='ocrx_word' id='word_1_163' title='bbox 1782 1765 2140 1846; x_wconf 86' lang='lat' dir='ltr'>appellatur,</span> <span class='ocrx_word' id='word_1_164' title='bbox 2186 1783 2335 1845; x_wconf 91' lang='lat' dir='ltr'>quae</span> <span class='ocrx_word' id='word_1_165' title='bbox 2378 1765 2587 1829; x_wconf 89' lang='lat' dir='ltr'>cadem</span> 
     </span>
    </p>
   </div>
   <div class='ocr_carea' id='block_1_7' title="bbox 428 1850 2586 2015">
    <p class='ocr_par' dir='ltr' id='par_1_7' title="bbox 428 1850 2586 2015">
     <span class='ocr_line' id='line_1_21' title="bbox 428 1850 2586 1932; baseline -0 -20"><span class='ocrx_word' id='word_1_166' title='bbox 428 1851 658 1929; x_wconf 84' lang='lat' dir='ltr'>ingenii</span> <span class='ocrx_word' id='word_1_167' title='bbox 688 1851 861 1912; x_wconf 90' lang='lat' dir='ltr'>etiam</span> <span class='ocrx_word' id='word_1_168' title='bbox 891 1851 1019 1912; x_wconf 88' lang='lat' dir='ltr'>laus</span> <span class='ocrx_word' id='word_1_169' title='bbox 1047 1850 1300 1913; x_wconf 89' lang='lat' dir='ltr'>habetur</span> <span class='ocrx_word' id='word_1_170' title='bbox 1328 1861 1579 1932; x_wconf 88' lang='lat' dir='ltr'>propter</span> <span class='ocrx_word' id='word_1_171' title='bbox 1607 1851 1787 1913; x_wconf 91' lang='lat' dir='ltr'>animi</span> <span class='ocrx_word' id='word_1_172' title='bbox 1819 1850 2140 1912; x_wconf 81' lang='lat' dir='ltr'>multarum</span> <span class='ocrx_word' id='word_1_173' title='bbox 2169 1869 2370 1912; x_wconf 88' lang='lat' dir='ltr'>rerum</span> <span class='ocrx_word' id='word_1_174' title='bbox 2421 1850 2586 1912; x_wconf 86' lang='lat' dir='ltr'>brevi</span> 
     </span>
     <span class='ocr_line' id='line_1_22' title="bbox 428 1936 1200 2015; baseline 0 -19"><span class='ocrx_word' id='word_1_175' title='bbox 428 1944 702 2014; x_wconf 87' lang='lat' dir='ltr'>tempore</span> <span class='ocrx_word' id='word_1_176' title='bbox 730 1936 1200 2015; x_wconf 88' lang='lat' dir='ltr'>percursionem.</span> 
     </span>
    </p>
   </div>
   <div class='ocr_carea' id='block_1_8' title="bbox 432 2112 2591 3204">
    <p class='ocr_par' dir='ltr' id='par_1_8' title="bbox 432 2112 2591 3204">
     <span class='ocr_line' id='line_1_23' title="bbox 433 2112 2591 2187; baseline 0 -15"><span class='ocrx_word' id='word_1_177' title='bbox 433 2119 753 2186; x_wconf 79' lang='lat' dir='ltr'>Gegensatze</span> <span class='ocrx_word' id='word_1_178' title='bbox 767 2135 829 2172; x_wconf 87' lang='lat' dir='ltr'>zu</span> <span class='ocrx_word' id='word_1_179' title='bbox 840 2125 990 2171; x_wconf 74' lang='lat' dir='ltr'>stans</span> <span class='ocrx_word' id='word_1_180' title='bbox 1001 2121 1266 2186; x_wconf 75' lang='lat' dir='ltr'>voluptas.</span> <span class='ocrx_word' id='word_1_181' title='bbox 1290 2120 1458 2172; x_wconf 79' lang='lat' dir='ltr'>Eheu-</span> <span class='ocrx_word' id='word_1_182' title='bbox 1558 2136 1737 2172; x_wconf 73' lang='lat' dir='ltr'>suam:</span> <span class='ocrx_word' id='word_1_183' title='bbox 1766 2112 1927 2172; x_wconf 79' lang='lat' dir='ltr'>‘ohne</span> <span class='ocrx_word' id='word_1_184' title='bbox 1950 2118 2268 2187; x_wconf 71' lang='lat' dir='ltr'>selbstfindig</span> <span class='ocrx_word' id='word_1_185' title='bbox 2301 2121 2354 2172; x_wconf 90' lang='lat' dir='ltr'>in</span> <span class='ocrx_word' id='word_1_186' title='bbox 2390 2120 2473 2173; x_wconf 82' lang='lat' dir='ltr'>die</span> <span class='ocrx_word' id='word_1_187' title='bbox 2497 2118 2591 2172; x_wconf 85' lang='lat' dir='ltr'>Er-</span> 
     </span>
     <span class='ocr_line' id='line_1_24' title="bbox 434 2179 2326 2253; baseline 0.001 -14"><span class='ocrx_word' id='word_1_188' title='bbox 434 2202 494 2240; x_wconf 83' lang='lat' dir='ltr'>so</span> <span class='ocrx_word' id='word_1_189' title='bbox 519 2187 650 2240; x_wconf 77' lang='lat' dir='ltr'>wird</span> <span class='ocrx_word' id='word_1_190' title='bbox 672 2188 804 2240; x_wconf 86' lang='lat' dir='ltr'>auch</span> <span class='ocrx_word' id='word_1_191' title='bbox 829 2187 963 2240; x_wconf 74' lang='lat' dir='ltr'>oster</span> <span class='ocrx_word' id='word_1_192' title='bbox 985 2193 1194 2240; x_wconf 79' lang='lat' dir='ltr'>vertere</span> <span class='ocrx_word' id='word_1_193' title='bbox 1211 2188 1317 2241; x_wconf 86' lang='lat' dir='ltr'>und</span> <span class='ocrx_word' id='word_1_194' title='bbox 1335 2204 1460 2240; x_wconf 85' lang='lat' dir='ltr'>con-</span> <span class='ocrx_word' id='word_1_195' title='bbox 1561 2188 1847 2253; x_wconf 80' lang='lat' dir='ltr'>scheinung</span> <span class='ocrx_word' id='word_1_196' title='bbox 1878 2203 1943 2240; x_wconf 85' lang='lat' dir='ltr'>zu</span> <span class='ocrx_word' id='word_1_197' title='bbox 1979 2179 2186 2240; x_wconf 86' lang='lat' dir='ltr'>treten&#39;.</span> <span class='ocrx_word' id='word_1_198' title='bbox 2323 2252 2326 2253; x_wconf 15' lang='lat'><em>⁷</em></span> 
     </span>
     <span class='ocr_line' id='line_1_25' title="bbox 433 2254 2589 2322; baseline 0 -15"><span class='ocrx_word' id='word_1_199' title='bbox 433 2260 641 2307; x_wconf 82' lang='lat' dir='ltr'>vertere</span> <span class='ocrx_word' id='word_1_200' title='bbox 675 2256 863 2308; x_wconf 88' lang='lat' dir='ltr'>medial</span> <span class='ocrx_word' id='word_1_201' title='bbox 899 2256 1198 2322; x_wconf 79' lang='lat' dir='ltr'>gebraucbt.</span> <span class='ocrx_word' id='word_1_202' title='bbox 1633 2259 1711 2309; x_wconf 90' lang='grc'>10.</span> <span class='ocrx_word' id='word_1_203' title='bbox 1733 2258 1905 2308; x_wconf 84' lang='lat' dir='ltr'>animi</span> <span class='ocrx_word' id='word_1_204' title='bbox 1920 2259 2130 2307; x_wconf 73' lang='lat' dir='ltr'>sanitas</span> <span class='ocrx_word' id='word_1_205' title='bbox 2147 2260 2244 2308; x_wconf 88' lang='lat' dir='ltr'>cet.</span> <span class='ocrx_word' id='word_1_206' title='bbox 2283 2254 2438 2308; x_wconf 70' lang='lat' dir='ltr'>fflnn:</span> <span class='ocrx_word' id='word_1_207' title='bbox 2464 2255 2589 2308; x_wconf 83' lang='lat' dir='ltr'>Hier</span> 
     </span>
     <span class='ocr_line' id='line_1_26' title="bbox 508 2322 2585 2390; baseline 0 -14"><span class='ocrx_word' id='word_1_208' title='bbox 508 2327 552 2376; x_wconf 91' lang='lat'>1.</span> <span class='ocrx_word' id='word_1_209' title='bbox 599 2326 825 2390; x_wconf 79' lang='lat' dir='ltr'>attingit</span> <span class='ocrx_word' id='word_1_210' title='bbox 868 2340 956 2378; x_wconf 90' lang='lat' dir='ltr'>an.</span> <span class='ocrx_word' id='word_1_211' title='bbox 1008 2330 1265 2377; x_wconf 77' lang='lat' dir='ltr'>naturam</span> <span class='ocrx_word' id='word_1_212' title='bbox 1311 2340 1457 2390; x_wconf 79' lang='lat' dir='ltr'>corp.</span> <span class='ocrx_word' id='word_1_213' title='bbox 1559 2325 1632 2376; x_wconf 87' lang='lat' dir='ltr'>ist</span> <span class='ocrx_word' id='word_1_214' title='bbox 1666 2324 1808 2376; x_wconf 86' lang='lat' dir='ltr'>nicht</span> <span class='ocrx_word' id='word_1_215' title='bbox 1853 2323 1935 2376; x_wconf 83' lang='lat' dir='ltr'>(lie</span> <span class='ocrx_word' id='word_1_216' title='bbox 1970 2322 2112 2376; x_wconf 86' lang='lat' dir='ltr'>Rede</span> <span class='ocrx_word' id='word_1_217' title='bbox 2147 2339 2250 2377; x_wconf 84' lang='lat' dir='ltr'>von</span> <span class='ocrx_word' id='word_1_218' title='bbox 2286 2322 2585 2390; x_wconf 82' lang='lat' dir='ltr'>derjenigen</span> 
     </span>
     <span class='ocr_line' id='line_1_27' title="bbox 432 2392 2587 2460; baseline 0 -17"><span class='ocrx_word' id='word_1_219' title='bbox 432 2392 808 2443; x_wconf 75' lang='lat' dir='ltr'>similitudo—</span> <span class='ocrx_word' id='word_1_220' title='bbox 825 2395 1278 2460; x_wconf 70' lang='lat' dir='ltr'>corporisnatura</span> <span class='ocrx_word' id='word_1_221' title='bbox 1288 2395 1460 2445; x_wconf 84' lang='lat' dir='ltr'>animi</span> <span class='ocrx_word' id='word_1_222' title='bbox 1558 2395 1768 2444; x_wconf 73' lang='lat' dir='ltr'>sanitas</span> <span class='ocrx_word' id='word_1_223' title='bbox 1814 2395 2015 2457; x_wconf 85' lang='lat' dir='ltr'>animi,</span> <span class='ocrx_word' id='word_1_224' title='bbox 2071 2392 2269 2451; x_wconf 76' lang='lat' dir='ltr'>welche</span> <span class='ocrx_word' id='word_1_225' title='bbox 2313 2393 2446 2444; x_wconf 80' lang='lat' dir='ltr'>nach</span> <span class='ocrx_word' id='word_1_226' title='bbox 2493 2393 2587 2444; x_wconf 83' lang='lat' dir='ltr'>der</span> 
     </span>
     <span class='ocr_line' id='line_1_28' title="bbox 434 2459 2586 2528; baseline 0 -17"><span class='ocrx_word' id='word_1_227' title='bbox 434 2464 669 2512; x_wconf 78' lang='lat' dir='ltr'>naturae</span> <span class='ocrx_word' id='word_1_228' title='bbox 701 2462 892 2512; x_wconf 74' lang='lat' dir='ltr'>similis</span> <span class='ocrx_word' id='word_1_229' title='bbox 925 2465 1016 2513; x_wconf 74' lang='lat' dir='ltr'>eet.</span> <span class='ocrx_word' id='word_1_230' title='bbox 1072 2461 1188 2528; x_wconf 80' lang='lat' dir='ltr'>Vgl.</span> <span class='ocrx_word' id='word_1_231' title='bbox 1218 2465 1296 2526; x_wconf 87' lang='grc'>10,</span> <span class='ocrx_word' id='word_1_232' title='bbox 1317 2463 1400 2514; x_wconf 87' lang='grc'>23.</span> <span class='ocrx_word' id='word_1_233' title='bbox 1559 2460 1992 2512; x_wconf 79' lang='lat' dir='ltr'>volkstiimlichen</span> <span class='ocrx_word' id='word_1_234' title='bbox 2044 2459 2392 2526; x_wconf 80' lang='lat' dir='ltr'>Auschauung</span> <span class='ocrx_word' id='word_1_235' title='bbox 2451 2460 2586 2512; x_wconf 81' lang='lat' dir='ltr'>auch</span> 
     </span>
     <span class='ocr_line' id='line_1_29' title="bbox 504 2526 2587 2594; baseline -0 -13"><span class='ocrx_word' id='word_1_236' title='bbox 504 2530 552 2582; x_wconf 84' lang='lat'>2.</span> <span class='ocrx_word' id='word_1_237' title='bbox 588 2528 855 2594; x_wconf 80' lang='lat' dir='ltr'>valetudo,</span> <span class='ocrx_word' id='word_1_238' title='bbox 897 2543 938 2580; x_wconf 78' lang='grc' dir='ltr'>ε.</span> <span class='ocrx_word' id='word_1_239' title='bbox 975 2528 1024 2580; x_wconf 86' lang='lat' dir='ltr'>d.</span> <span class='ocrx_word' id='word_1_240' title='bbox 1060 2529 1137 2580; x_wconf 82' lang='lat' dir='ltr'>kr.</span> <span class='ocrx_word' id='word_1_241' title='bbox 1168 2530 1303 2582; x_wconf 72' lang='lat' dir='ltr'>Aah.</span> <span class='ocrx_word' id='word_1_242' title='bbox 1559 2527 1649 2579; x_wconf 82' lang='lat' dir='ltr'>der</span> <span class='ocrx_word' id='word_1_243' title='bbox 1695 2526 2011 2579; x_wconf 82' lang='lat' dir='ltr'>Nichtweise</span> <span class='ocrx_word' id='word_1_244' title='bbox 2053 2528 2267 2592; x_wconf 83' lang='lat' dir='ltr'>besitzt‚</span> <span class='ocrx_word' id='word_1_245' title='bbox 2311 2526 2494 2580; x_wconf 82' lang='lat' dir='ltr'>sobald</span> <span class='ocrx_word' id='word_1_246' title='bbox 2530 2543 2587 2580; x_wconf 86' lang='lat' dir='ltr'>er</span> 
     </span>
     <span class='ocr_line' id='line_1_30' title="bbox 507 2595 2588 2665; baseline 0 -17"><span class='ocrx_word' id='word_1_247' title='bbox 507 2599 556 2649; x_wconf 87' lang='grc'>3.</span> <span class='ocrx_word' id='word_1_248' title='bbox 595 2595 661 2652; x_wconf 83' lang='lat' dir='ltr'>Ut</span> <span class='ocrx_word' id='word_1_249' title='bbox 695 2601 836 2648; x_wconf 87' lang='lat' dir='ltr'>enim</span> <span class='ocrx_word' id='word_1_250' title='bbox 873 2600 1118 2665; x_wconf 71' lang='lat' dir='ltr'>corporis</span> <span class='ocrx_word' id='word_1_251' title='bbox 1151 2602 1250 2649; x_wconf 88' lang='lat' dir='ltr'>cet.</span> <span class='ocrx_word' id='word_1_252' title='bbox 1311 2596 1458 2648; x_wconf 87' lang='lat' dir='ltr'>Stob.</span> <span class='ocrx_word' id='word_1_253' title='bbox 1560 2610 1663 2648; x_wconf 84' lang='lat' dir='ltr'>von</span> <span class='ocrx_word' id='word_1_254' title='bbox 1720 2595 1900 2647; x_wconf 87' lang='lat' dir='ltr'>keiner</span> <span class='ocrx_word' id='word_1_255' title='bbox 1958 2595 2436 2648; x_wconf 81' lang='lat' dir='ltr'>Geisteskrankheit</span> <span class='ocrx_word' id='word_1_256' title='bbox 2496 2596 2588 2649; x_wconf 87' lang='lat' dir='ltr'>be-</span> 
     </span>
     <span class='ocr_line' id='line_1_31' title="bbox 434 2661 1845 2748; baseline -0.001 -32"><span class='ocrx_word' id='word_1_257' title='bbox 434 2665 543 2716; x_wconf 84' lang='lat' dir='ltr'>Ecl.</span> <span class='ocrx_word' id='word_1_258' title='bbox 589 2664 691 2718; x_wconf 82' lang='lat' dir='ltr'>eth.</span> <span class='ocrx_word' id='word_1_259' title='bbox 729 2679 778 2730; x_wconf 73' lang='grc' dir='ltr'>Ρ.</span> <span class='ocrx_word' id='word_1_260' title='bbox 819 2667 944 2718; x_wconf 87' lang='lat'>168:</span> <span class='ocrx_word' id='word_1_261' title='bbox 992 2661 1184 2735; x_wconf 75' lang='grc' dir='ltr'><strong><em>ὥσπερ</em></strong></span> <span class='ocrx_word' id='word_1_262' title='bbox 1203 2662 1322 2748; x_wconf 38' lang='grc' dir='ltr'>,γὰρ</span> <span class='ocrx_word' id='word_1_263' title='bbox 1356 2661 1461 2730; x_wconf 81' lang='grc' dir='ltr'>τὴν</span> <span class='ocrx_word' id='word_1_264' title='bbox 1559 2663 1727 2715; x_wconf 73' lang='lat' dir='ltr'>hustet</span> <span class='ocrx_word' id='word_1_265' title='bbox 1759 2663 1845 2715; x_wconf 86' lang='lat' dir='ltr'>ist.</span> 
     </span>
     <span class='ocr_line' id='line_1_32' title="bbox 435 2727 2588 2812; baseline -0 -27"><span class='ocrx_word' id='word_1_266' title='bbox 435 2733 534 2785; x_wconf 73' lang='grc' dir='ltr'>τοῦ</span> <span class='ocrx_word' id='word_1_267' title='bbox 588 2728 846 2795; x_wconf 74' lang='grc' dir='ltr'><strong><em>σώματος</em></strong></span> <span class='ocrx_word' id='word_1_268' title='bbox 903 2727 1113 2812; x_wconf 54' lang='grc' dir='ltr'><strong><em>ὗχίειαν</em></strong></span> <span class='ocrx_word' id='word_1_269' title='bbox 1166 2737 1462 2800; x_wconf 79' lang='grc' dir='ltr'><strong><em>ευκρασίαν</em></strong></span> <span class='ocrx_word' id='word_1_270' title='bbox 1634 2732 1714 2784; x_wconf 86' lang='grc'>13.</span> <span class='ocrx_word' id='word_1_271' title='bbox 1759 2747 1925 2797; x_wconf 86' lang='lat' dir='ltr'>eaque</span> <span class='ocrx_word' id='word_1_272' title='bbox 1972 2732 2176 2782; x_wconf 79' lang='lat' dir='ltr'>dicitur</span> <span class='ocrx_word' id='word_1_273' title='bbox 2216 2732 2588 2797; x_wconf 78' lang='lat' dir='ltr'>pulchritudo.</span> 
     </span>
     <span class='ocr_line' id='line_1_33' title="bbox 434 2796 2587 2868; baseline -0 -15"><span class='ocrx_word' id='word_1_274' title='bbox 434 2800 577 2853; x_wconf 77' lang='grc' dir='ltr'><strong><em>εἶναι</em></strong></span> <span class='ocrx_word' id='word_1_275' title='bbox 611 2799 729 2850; x_wconf 80' lang='grc' dir='ltr'>τῶν</span> <span class='ocrx_word' id='word_1_276' title='bbox 773 2800 834 2850; x_wconf 74' lang='grc' dir='ltr'>ἐν</span> <span class='ocrx_word' id='word_1_277' title='bbox 868 2817 950 2864; x_wconf 79' lang='grc' dir='ltr'>τῳ</span> <span class='ocrx_word' id='word_1_278' title='bbox 983 2796 1198 2862; x_wconf 81' lang='grc' dir='ltr'><strong><em>σώματι</em></strong></span> <span class='ocrx_word' id='word_1_279' title='bbox 1234 2799 1465 2868; x_wconf 72' lang='grc' dir='ltr'><strong><em>θερμῶν</em></strong></span> <span class='ocrx_word' id='word_1_280' title='bbox 1565 2798 1680 2864; x_wconf 79' lang='lat' dir='ltr'>Vgl.</span> <span class='ocrx_word' id='word_1_281' title='bbox 1718 2797 1783 2851; x_wconf 84' lang='lat' dir='ltr'>de</span> <span class='ocrx_word' id='word_1_282' title='bbox 1819 2799 1906 2851; x_wconf 82' lang='lat' dir='ltr'>off.</span> <span class='ocrx_word' id='word_1_283' title='bbox 1942 2799 1976 2850; x_wconf 87' lang='grc' dir='ltr'>Ι.</span> <span class='ocrx_word' id='word_1_284' title='bbox 2003 2801 2086 2862; x_wconf 82' lang='grc'>28,</span> <span class='ocrx_word' id='word_1_285' title='bbox 2111 2801 2203 2853; x_wconf 86' lang='lat'>98:</span> <span class='ocrx_word' id='word_1_286' title='bbox 2235 2799 2587 2865; x_wconf 73' lang='lat' dir='ltr'>pulchritudo</span> 
     </span>
     <span class='ocr_line' id='line_1_34' title="bbox 437 2861 2591 2937; baseline 0 -19"><span class='ocrx_word' id='word_1_287' title='bbox 437 2872 529 2919; x_wconf 78' lang='grc' dir='ltr'>καὶ</span> <span class='ocrx_word' id='word_1_288' title='bbox 564 2867 793 2933; x_wconf 78' lang='grc' dir='ltr'><strong><em>ψυχρῶν</em></strong></span> <span class='ocrx_word' id='word_1_289' title='bbox 822 2871 914 2918; x_wconf 78' lang='grc' dir='ltr'>καὶ</span> <span class='ocrx_word' id='word_1_290' title='bbox 939 2866 1123 2934; x_wconf 77' lang='grc' dir='ltr'><strong><em>ξηρῶν</em></strong></span> <span class='ocrx_word' id='word_1_291' title='bbox 1145 2870 1236 2917; x_wconf 78' lang='grc' dir='ltr'>καὶ</span> <span class='ocrx_word' id='word_1_292' title='bbox 1260 2861 1462 2937; x_wconf 75' lang='grc' dir='ltr'>ὑγρῶν,</span> <span class='ocrx_word' id='word_1_293' title='bbox 1566 2869 1811 2934; x_wconf 74' lang='lat' dir='ltr'>corporis</span> <span class='ocrx_word' id='word_1_294' title='bbox 1851 2871 1979 2933; x_wconf 88' lang='lat' dir='ltr'>apta</span> <span class='ocrx_word' id='word_1_295' title='bbox 2014 2871 2396 2933; x_wconf 75' lang='lat' dir='ltr'>compositione</span> <span class='ocrx_word' id='word_1_296' title='bbox 2428 2883 2591 2919; x_wconf 81' lang='lat' dir='ltr'>mem-</span> 
     </span>
     <span class='ocr_line' id='line_1_35' title="bbox 437 2929 2591 3004; baseline 0.001 -18"><span class='ocrx_word' id='word_1_297' title='bbox 437 2929 584 2986; x_wconf 73' lang='grc' dir='ltr'>οῧτω</span> <span class='ocrx_word' id='word_1_298' title='bbox 634 2937 726 2984; x_wconf 76' lang='grc' dir='ltr'>καὶ</span> <span class='ocrx_word' id='word_1_299' title='bbox 770 2931 874 2998; x_wconf 87' lang='grc' dir='ltr'>τὴν</span> <span class='ocrx_word' id='word_1_300' title='bbox 920 2934 1015 3000; x_wconf 74' lang='grc' dir='ltr'>τῆς</span> <span class='ocrx_word' id='word_1_301' title='bbox 1047 2935 1217 3002; x_wconf 75' lang='grc' dir='ltr'><strong><em>ψυχῆς</em></strong></span> <span class='ocrx_word' id='word_1_302' title='bbox 1249 2929 1461 3004; x_wconf 77' lang='grc' dir='ltr'><strong><em>ὑγίειαν</em></strong></span> <span class='ocrx_word' id='word_1_303' title='bbox 1563 2937 1782 2986; x_wconf 74' lang='lat' dir='ltr'>brorum</span> <span class='ocrx_word' id='word_1_304' title='bbox 1824 2939 2002 2986; x_wconf 83' lang='lat' dir='ltr'>movet</span> <span class='ocrx_word' id='word_1_305' title='bbox 2046 2937 2227 2986; x_wconf 78' lang='lat' dir='ltr'>oculos</span> <span class='ocrx_word' id='word_1_306' title='bbox 2267 2939 2321 2986; x_wconf 89' lang='lat' dir='ltr'>et</span> <span class='ocrx_word' id='word_1_307' title='bbox 2358 2936 2591 2988; x_wconf 86' lang='lat' dir='ltr'>delectat</span> 
     </span>
     <span class='ocr_line' id='line_1_36' title="bbox 439 2997 2591 3070; baseline 0 -16"><span class='ocrx_word' id='word_1_308' title='bbox 439 2997 735 3069; x_wconf 73' lang='grc' dir='ltr'><strong><em>εὐκρασίαν</em></strong></span> <span class='ocrx_word' id='word_1_309' title='bbox 779 2999 920 3052; x_wconf 79' lang='grc' dir='ltr'><strong><em>εἶναι</em></strong></span> <span class='ocrx_word' id='word_1_310' title='bbox 959 3001 1080 3053; x_wconf 80' lang='grc' dir='ltr'>τῶν</span> <span class='ocrx_word' id='word_1_311' title='bbox 1113 3004 1175 3053; x_wconf 69' lang='grc' dir='ltr'>ἐν</span> <span class='ocrx_word' id='word_1_312' title='bbox 1208 3001 1278 3068; x_wconf 82' lang='grc' dir='ltr'>τῆ</span> <span class='ocrx_word' id='word_1_313' title='bbox 1313 3002 1461 3070; x_wconf 61' lang='lat' dir='ltr'>mx*</span> <span class='ocrx_word' id='word_1_314' title='bbox 1563 3005 1663 3054; x_wconf 79' lang='lat' dir='ltr'>hoe</span> <span class='ocrx_word' id='word_1_315' title='bbox 1680 3006 1814 3068; x_wconf 70' lang='lat' dir='ltr'>ipsc,</span> <span class='ocrx_word' id='word_1_316' title='bbox 1830 3003 1975 3069; x_wconf 82' lang='lat' dir='ltr'>quod</span> <span class='ocrx_word' id='word_1_317' title='bbox 1987 3007 2133 3055; x_wconf 82' lang='lat' dir='ltr'>inter</span> <span class='ocrx_word' id='word_1_318' title='bbox 2148 3020 2204 3054; x_wconf 73' lang='lat' dir='ltr'>se</span> <span class='ocrx_word' id='word_1_319' title='bbox 2218 3009 2591 3070; x_wconf 66' lang='lat' dir='ltr'>omne-spartes</span> 
     </span>
     <span class='ocr_line' id='line_1_37' title="bbox 439 3022 2591 3138; baseline 0.001 -17"><span class='ocrx_word' id='word_1_320' title='bbox 439 3064 747 3138; x_wconf 76' lang='grc' dir='ltr'><strong><em>δογμάτων.</em></strong></span> <span class='ocrx_word' id='word_1_321' title='bbox 806 3068 881 3121; x_wconf 87' lang='lat' dir='ltr'>Zu</span> <span class='ocrx_word' id='word_1_322' title='bbox 928 3054 1260 3136; x_wconf 73' lang='lat' dir='ltr'>temperatio⁸</span> <span class='ocrx_word' id='word_1_323' title='bbox 1279 3070 1386 3137; x_wconf 80' lang='lat' dir='ltr'>ng</span> <span class='ocrx_word' id='word_1_324' title='bbox 1422 3022 1461 3122; x_wconf 58' lang='grc' dir='ltr'><strong>ἔ</strong></span> <span class='ocrx_word' id='word_1_325' title='bbox 1562 3086 1682 3122; x_wconf 88' lang='lat' dir='ltr'>cum</span> <span class='ocrx_word' id='word_1_326' title='bbox 1730 3071 1961 3136; x_wconf 85' lang='lat' dir='ltr'>quodam</span> <span class='ocrx_word' id='word_1_327' title='bbox 2010 3072 2189 3136; x_wconf 79' lang='lat' dir='ltr'>lepore</span> <span class='ocrx_word' id='word_1_328' title='bbox 2231 3075 2591 3124; x_wconf 75' lang='lat' dir='ltr'>consentiunt.</span> 
     </span>
     <span class='ocr_line' id='line_1_38' title="bbox 444 3138 2589 3204; baseline 0.001 -15"><span class='ocrx_word' id='word_1_329' title='bbox 444 3141 524 3201; x_wconf 89' lang='lat'>10,</span> <span class='ocrx_word' id='word_1_330' title='bbox 560 3138 641 3190; x_wconf 86' lang='lat'>21.</span> <span class='ocrx_word' id='word_1_331' title='bbox 1635 3141 1715 3191; x_wconf 86' lang='lat'>15.</span> <span class='ocrx_word' id='word_1_332' title='bbox 1733 3142 1955 3190; x_wconf 76' lang='lat' dir='ltr'>virtutis</span> <span class='ocrx_word' id='word_1_333' title='bbox 1970 3141 2079 3189; x_wconf 82' lang='lat' dir='ltr'>vim</span> <span class='ocrx_word' id='word_1_334' title='bbox 2095 3142 2267 3204; x_wconf 74' lang='lat' dir='ltr'>ipsam</span> <span class='ocrx_word' id='word_1_335' title='bbox 2283 3143 2589 3192; x_wconf 69' lang='lat' dir='ltr'>continens:</span> 
     </span>
    </p>
   </div>
   <div class='ocr_carea' id='block_1_9' title="bbox 437 3197 2593 3475">
    <p class='ocr_par' dir='ltr' id='par_1_9' title="bbox 440 3197 2593 3330">
     <span class='ocr_line' id='line_1_39' title="bbox 508 3197 2593 3274; baseline 0.001 -16"><span class='ocrx_word' id='word_1_336' title='bbox 508 3209 558 3259; x_wconf 82' lang='lat'>5.</span> <span class='ocrx_word' id='word_1_337' title='bbox 584 3208 666 3257; x_wconf 70' lang='lat' dir='ltr'>sie</span> <span class='ocrx_word' id='word_1_338' title='bbox 686 3232 753 3243; x_wconf 95' lang='lat'>—</span> <span class='ocrx_word' id='word_1_339' title='bbox 777 3205 1004 3256; x_wconf 71' lang='lat' dir='ltr'>dicitur:</span> <span class='ocrx_word' id='word_1_340' title='bbox 1040 3220 1100 3258; x_wconf 87' lang='lat' dir='ltr'>so</span> <span class='ocrx_word' id='word_1_341' title='bbox 1125 3206 1319 3272; x_wconf 85' lang='lat' dir='ltr'>spricht</span> <span class='ocrx_word' id='word_1_342' title='bbox 1341 3221 1460 3257; x_wconf 84' lang='lat' dir='ltr'>man</span> <span class='ocrx_word' id='word_1_343' title='bbox 1554 3197 1571 3222; x_wconf 84' lang='lat'>‘</span> <span class='ocrx_word' id='word_1_344' title='bbox 1591 3206 1790 3258; x_wconf 86' lang='lat' dir='ltr'>welche</span> <span class='ocrx_word' id='word_1_345' title='bbox 1842 3205 1933 3259; x_wconf 87' lang='lat' dir='ltr'>das</span> <span class='ocrx_word' id='word_1_346' title='bbox 1987 3206 2178 3259; x_wconf 84' lang='lat' dir='ltr'>Wesen</span> <span class='ocrx_word' id='word_1_347' title='bbox 2230 3206 2319 3259; x_wconf 86' lang='lat' dir='ltr'>der</span> <span class='ocrx_word' id='word_1_348' title='bbox 2370 3207 2593 3274; x_wconf 79' lang='lat' dir='ltr'>Tugend</span> 
     </span>
     <span class='ocr_line' id='line_1_40' title="bbox 440 3267 2277 3330; baseline 0.002 -5"><span class='ocrx_word' id='word_1_349' title='bbox 440 3289 544 3326; x_wconf 85' lang='lat' dir='ltr'>von</span> <span class='ocrx_word' id='word_1_350' title='bbox 583 3303 663 3326; x_wconf 89' lang='lat'>—-.</span> <span class='ocrx_word' id='word_1_351' title='bbox 1565 3273 1730 3330; x_wconf 81' lang='lat' dir='ltr'>selbst</span> <span class='ocrx_word' id='word_1_352' title='bbox 1765 3274 1817 3326; x_wconf 90' lang='lat' dir='ltr'>in</span> <span class='ocrx_word' id='word_1_353' title='bbox 1856 3274 1966 3326; x_wconf 87' lang='lat' dir='ltr'>sich</span> <span class='ocrx_word' id='word_1_354' title='bbox 2002 3267 2277 3328; x_wconf 84' lang='lat' dir='ltr'>schliesst&#39;.</span> 
     </span>
    </p>

    <p class='ocr_par' dir='ltr' id='par_1_10' title="bbox 437 3340 2593 3475">
     <span class='ocr_line' id='line_1_41' title="bbox 509 3340 2593 3408; baseline 0.001 -14"><span class='ocrx_word' id='word_1_355' title='bbox 509 3344 558 3394; x_wconf 82' lang='lat'>6.</span> <span class='ocrx_word' id='word_1_356' title='bbox 596 3357 761 3408; x_wconf 83' lang='lat' dir='ltr'>eaque</span> <span class='ocrx_word' id='word_1_357' title='bbox 785 3343 958 3393; x_wconf 84' lang='lat' dir='ltr'>animi</span> <span class='ocrx_word' id='word_1_358' title='bbox 991 3347 1071 3391; x_wconf 76' lang='lat' dir='ltr'>est</span> <span class='ocrx_word' id='word_1_359' title='bbox 1103 3344 1290 3395; x_wconf 74' lang='lat' dir='ltr'>virtue.</span> <span class='ocrx_word' id='word_1_360' title='bbox 1330 3340 1463 3393; x_wconf 84' lang='lat' dir='ltr'>Sub·</span> <span class='ocrx_word' id='word_1_361' title='bbox 1638 3343 1718 3396; x_wconf 87' lang='lat'>16.</span> <span class='ocrx_word' id='word_1_362' title='bbox 1727 3343 2082 3407; x_wconf 71' lang='lat' dir='ltr'>pulchritudo</span> <span class='ocrx_word' id='word_1_363' title='bbox 2101 3347 2345 3398; x_wconf 78' lang='lat' dir='ltr'>vocatur.</span> <span class='ocrx_word' id='word_1_364' title='bbox 2369 3344 2593 3397; x_wconf 76' lang='lat' dir='ltr'>Pulchr.</span> 
     </span>
     <span class='ocr_line' id='line_1_42' title="bbox 437 3408 2590 3475; baseline 0.003 -15"><span class='ocrx_word' id='word_1_365' title='bbox 437 3408 558 3474; x_wconf 86' lang='lat' dir='ltr'>jekt</span> <span class='ocrx_word' id='word_1_366' title='bbox 592 3411 661 3463; x_wconf 86' lang='lat' dir='ltr'>ist</span> <span class='ocrx_word' id='word_1_367' title='bbox 696 3409 778 3462; x_wconf 89' lang='lat' dir='ltr'>die</span> <span class='ocrx_word' id='word_1_368' title='bbox 812 3413 1017 3461; x_wconf 72' lang='lat' dir='ltr'>sanitas</span> <span class='ocrx_word' id='word_1_369' title='bbox 1053 3413 1238 3463; x_wconf 86' lang='lat' dir='ltr'>animi.</span> <span class='ocrx_word' id='word_1_370' title='bbox 1566 3412 1740 3462; x_wconf 86' lang='lat' dir='ltr'>animi</span> <span class='ocrx_word' id='word_1_371' title='bbox 1756 3411 1824 3461; x_wconf 84' lang='lat' dir='ltr'>ist</span> <span class='ocrx_word' id='word_1_372' title='bbox 1845 3425 1942 3462; x_wconf 89' lang='lat' dir='ltr'>nur</span> <span class='ocrx_word' id='word_1_373' title='bbox 1960 3410 2225 3475; x_wconf 83' lang='lat' dir='ltr'>stoiscber‚</span> <span class='ocrx_word' id='word_1_374' title='bbox 2251 3411 2590 3466; x_wconf 86' lang='lat' dir='ltr'>nichtlatein.</span> 
     </span>
    </p>
   </div>
   <div class='ocr_carea' id='block_1_10' title="bbox 436 3476 2594 3884">
    <p class='ocr_par' dir='ltr' id='par_1_11' title="bbox 436 3476 2594 3884">
     <span class='ocr_line' id='line_1_43' title="bbox 509 3476 2035 3544; baseline 0.001 -16"><span class='ocrx_word' id='word_1_375' title='bbox 509 3481 933 3544; x_wconf 80' lang='lat' dir='ltr'>temperantiam.</span> <span class='ocrx_word' id='word_1_376' title='bbox 971 3476 1085 3542; x_wconf 78' lang='lat' dir='ltr'>Vgl.</span> <span class='ocrx_word' id='word_1_377' title='bbox 1112 3481 1160 3542; x_wconf 84' lang='lat'>9,</span> <span class='ocrx_word' id='word_1_378' title='bbox 1182 3481 1276 3531; x_wconf 84' lang='lat'>32:</span> <span class='ocrx_word' id='word_1_379' title='bbox 1318 3477 1466 3529; x_wconf 86' lang='lat' dir='ltr'>Tem·</span> <span class='ocrx_word' id='word_1_380' title='bbox 1569 3476 2035 3544; x_wconf 79' lang='lat' dir='ltr'>Spracbgebrauch.</span> 
     </span>
     <span class='ocr_line' id='line_1_44' title="bbox 436 3543 2592 3612; baseline 0.003 -17"><span class='ocrx_word' id='word_1_381' title='bbox 436 3549 686 3611; x_wconf 79' lang='lat' dir='ltr'>perantia</span> <span class='ocrx_word' id='word_1_382' title='bbox 721 3546 873 3596; x_wconf 77' lang='lat' dir='ltr'>sedat</span> <span class='ocrx_word' id='word_1_383' title='bbox 911 3543 1265 3611; x_wconf 74' lang='lat' dir='ltr'>appetitiones</span> <span class='ocrx_word' id='word_1_384' title='bbox 1301 3549 1355 3596; x_wconf 79' lang='lat' dir='ltr'>et</span> <span class='ocrx_word' id='word_1_385' title='bbox 1386 3545 1465 3606; x_wconf 72' lang='lat' dir='ltr'>efi·</span> <span class='ocrx_word' id='word_1_386' title='bbox 1638 3548 1718 3600; x_wconf 91' lang='lat'>18.</span> <span class='ocrx_word' id='word_1_387' title='bbox 1756 3546 2003 3598; x_wconf 73' lang='lat' dir='ltr'>celeritas</span> <span class='ocrx_word' id='word_1_388' title='bbox 2026 3547 2351 3612; x_wconf 79' lang='lat' dir='ltr'>appellatur,</span> <span class='ocrx_word' id='word_1_389' title='bbox 2388 3546 2435 3599; x_wconf 87' lang='lat' dir='ltr'>d.</span> <span class='ocrx_word' id='word_1_390' title='bbox 2456 3548 2508 3603; x_wconf 88' lang='lat' dir='ltr'>h.</span> <span class='ocrx_word' id='word_1_391' title='bbox 2534 3548 2592 3601; x_wconf 82' lang='lat' dir='ltr'>in</span> 
     </span>
     <span class='ocr_line' id='line_1_45' title="bbox 437 3612 2483 3680; baseline 0.002 -17"><span class='ocrx_word' id='word_1_392' title='bbox 437 3612 559 3674; x_wconf 74' lang='lat' dir='ltr'>ficit</span> <span class='ocrx_word' id='word_1_393' title='bbox 578 3617 643 3663; x_wconf 82' lang='lat' dir='ltr'>ut</span> <span class='ocrx_word' id='word_1_394' title='bbox 676 3629 767 3663; x_wconf 85' lang='lat' dir='ltr'>eae</span> <span class='ocrx_word' id='word_1_395' title='bbox 789 3617 968 3664; x_wconf 79' lang='lat' dir='ltr'>rectae</span> <span class='ocrx_word' id='word_1_396' title='bbox 991 3617 1202 3665; x_wconf 78' lang='lat' dir='ltr'>rationi</span> <span class='ocrx_word' id='word_1_397' title='bbox 1231 3618 1467 3680; x_wconf 78' lang='lat' dir='ltr'>pareant</span> <span class='ocrx_word' id='word_1_398' title='bbox 1566 3612 1668 3665; x_wconf 87' lang='lat' dir='ltr'>der-</span> <span class='ocrx_word' id='word_1_399' title='bbox 1689 3612 2032 3680; x_wconf 80' lang='lat' dir='ltr'>Anwendung</span> <span class='ocrx_word' id='word_1_400' title='bbox 2066 3615 2159 3666; x_wconf 80' lang='lat' dir='ltr'>auf</span> <span class='ocrx_word' id='word_1_401' title='bbox 2190 3615 2289 3666; x_wconf 88' lang='lat' dir='ltr'>den</span> <span class='ocrx_word' id='word_1_402' title='bbox 2324 3615 2483 3669; x_wconf 81' lang='lat' dir='ltr'>Geist.</span> 
     </span>
     <span class='ocr_line' id='line_1_46' title="bbox 439 3681 2594 3746; baseline 0.002 -16"><span class='ocrx_word' id='word_1_403' title='bbox 439 3685 818 3746; x_wconf 79' lang='lat' dir='ltr'>conservatque</span> <span class='ocrx_word' id='word_1_404' title='bbox 871 3681 1205 3733; x_wconf 73' lang='lat' dir='ltr'>considerata</span> <span class='ocrx_word' id='word_1_405' title='bbox 1257 3681 1464 3734; x_wconf 86' lang='lat' dir='ltr'>iudicia</span> <span class='ocrx_word' id='word_1_406' title='bbox 1638 3684 1717 3734; x_wconf 83' lang='lat'>19.</span> <span class='ocrx_word' id='word_1_407' title='bbox 1762 3685 1935 3732; x_wconf 84' lang='lat' dir='ltr'>animi</span> <span class='ocrx_word' id='word_1_408' title='bbox 1973 3682 2270 3734; x_wconf 78' lang='lat' dir='ltr'>multarum</span> <span class='ocrx_word' id='word_1_409' title='bbox 2302 3699 2487 3734; x_wconf 80' lang='lat' dir='ltr'>rerum</span> <span class='ocrx_word' id='word_1_410' title='bbox 2519 3714 2594 3726; x_wconf 89' lang='lat'>-—</span> 
     </span>
     <span class='ocr_line' id='line_1_47' title="bbox 437 3750 2592 3816; baseline 0.004 -19"><span class='ocrx_word' id='word_1_411' title='bbox 437 3750 646 3799; x_wconf 73' lang='lat' dir='ltr'>mentis.</span> <span class='ocrx_word' id='word_1_412' title='bbox 1562 3753 1965 3815; x_wconf 76' lang='lat' dir='ltr'>percursionem</span> <span class='ocrx_word' id='word_1_413' title='bbox 2001 3750 2186 3816; x_wconf 79' lang='lat' dir='ltr'>(Flug)‚</span> <span class='ocrx_word' id='word_1_414' title='bbox 2231 3767 2271 3803; x_wconf 80' lang='lat' dir='ltr'>S.</span> <span class='ocrx_word' id='word_1_415' title='bbox 2306 3751 2362 3804; x_wconf 88' lang='lat'>11.</span> <span class='ocrx_word' id='word_1_416' title='bbox 2402 3753 2485 3816; x_wconf 88' lang='lat'>15,</span> <span class='ocrx_word' id='word_1_417' title='bbox 2522 3755 2592 3807; x_wconf 83' lang='lat'>35</span> 
     </span>
     <span class='ocr_line' id='line_1_48' title="bbox 509 3815 2521 3884; baseline 0.002 -17"><span class='ocrx_word' id='word_1_418' title='bbox 509 3816 559 3867; x_wconf 85' lang='lat'>8.</span> <span class='ocrx_word' id='word_1_419' title='bbox 594 3831 692 3866; x_wconf 87' lang='lat' dir='ltr'>nec</span> <span class='ocrx_word' id='word_1_420' title='bbox 726 3816 1004 3866; x_wconf 79' lang='lat' dir='ltr'>habentem</span> <span class='ocrx_word' id='word_1_421' title='bbox 1035 3818 1204 3868; x_wconf 88' lang='lat' dir='ltr'>ullam</span> <span class='ocrx_word' id='word_1_422' title='bbox 1237 3819 1464 3882; x_wconf 74' lang='lat' dir='ltr'>speciem</span> <span class='ocrx_word' id='word_1_423' title='bbox 1565 3832 1631 3868; x_wconf 84' lang='lat' dir='ltr'>zu</span> <span class='ocrx_word' id='word_1_424' title='bbox 1666 3815 1880 3877; x_wconf 78' lang='lat' dir='ltr'>functio</span> <span class='ocrx_word' id='word_1_425' title='bbox 1914 3847 1983 3856; x_wconf 94' lang='lat'><strong>—</strong></span> <span class='ocrx_word' id='word_1_426' title='bbox 2018 3819 2189 3868; x_wconf 88' lang='lat' dir='ltr'>animi</span> <span class='ocrx_word' id='word_1_427' title='bbox 2222 3848 2291 3857; x_wconf 94' lang='lat'><strong>—</strong></span> <span class='ocrx_word' id='word_1_428' title='bbox 2326 3823 2521 3884; x_wconf 71' lang='lat' dir='ltr'>operis.</span> 
     </span>
    </p>
   </div>
   <div class='ocr_carea' id='block_1_11' title="bbox 2632 1093 2694 1149">
    <p class='ocr_par' dir='ltr' id='par_1_12' title="bbox 2632 1093 2694 1149">
     <span class='ocr_line' id='line_1_49' title="bbox 2632 1093 2694 1149; baseline 0.081 -5"><span class='ocrx_word' id='word_1_429' title='bbox 2632 1093 2694 1149; x_wconf 69' lang='lat'>10</span> 
     </span>
    </p>
   </div>
  </div>
 </body>
</html>
