2834 4317
145 1115 209 1168 10

140 1539 206 1592 15

971 165 1160 218 uena
1194 165 1259 219 v,
1292 168 1374 233 21,
1394 168 1476 219 62.
1515 168 1597 232 22,
1618 168 1704 221 63.
2287 166 2408 225 135

259 339 382 401 cari
425 336 594 401 iussit
637 337 940 398 hominem
985 336 1047 397 in
1095 356 1275 399 aureo
1320 336 1504 413 lecto,
1549 345 1732 400 strato
1776 338 2178 418 pulcherrimo
2223 341 2411 402 textili

258 423 555 504 stragulo,
599 422 926 503 magnificis
958 422 1237 501 operibus
1265 422 1461 503 picto,
1504 423 1834 503 abacosque
1866 423 2188 504 compluris
2233 444 2410 486 orna-

257 511 341 571 vit
385 515 632 589 argento
677 527 941 588 auroque
986 506 1228 569 caelato.
1331 507 1482 569 Tum
1529 509 1600 570 ad
1644 527 1907 570 mensam
1965 509 2174 571 eximia
2217 511 2409 571 forma

256 612 478 675 pueros
521 594 779 655 delectos
822 592 990 655 iussit
1033 593 1360 655 consistere
1400 612 1621 673 eosque
1668 601 1880 655 nutum
1920 594 2076 656 illius
2118 595 2407 658 intuentis

258 680 573 759 diligenter
596 678 949 740 ministrare.
997 677 1258 739 Aderant
1274 688 1596 757 unguenta,
1623 696 1909 754 coronae3
1934 679 2410 741 incendebantur
2451 692 2512 743 62

259 765 492 839 odores,
523 782 762 826 mensae
792 762 1305 842 conquisitissimis
1336 763 1525 843 epulis
1549 764 2036 839 exstruebantur3
2068 766 2406 829 fortunatus

255 850 369 912 sibi
400 849 708 911 Damocles
735 848 1058 909 videbatur.
1125 848 1193 909 In
1225 848 1340 909 hoc
1381 848 1576 910 medio
1614 858 1900 929 apparatu
1930 850 2253 929 fulgentem
2282 852 2408 931 gla-

255 935 418 996 dium
450 954 482 996 e
512 934 777 996 lacunari
807 942 966 996 saeta
1002 933 1216 1012 equina
1260 942 1463 1013 aptum
1508 933 1731 995 demitti
1760 934 1957 1009 iussit,
2003 942 2070 996 ut
2099 935 2405 1015 impende-

253 1028 348 1082 ret
376 1019 532 1082 illius
562 1019 716 1080 beati
761 1019 1107 1080 cervicibus.
1167 1019 1372 1099 Itaque
1402 1038 1515 1080 nec
1543 1019 1829 1099 pulchros
1870 1020 2000 1081 illos
2041 1020 2405 1081 ministrato-

254 1124 351 1167 res
381 1104 702 1185 aspiciebat
733 1123 844 1165 nec
865 1105 1109 1184 plenum
1142 1104 1283 1165 artis
1312 1111 1627 1184 argentum
1659 1124 1770 1166 nec
1795 1123 2035 1166 manum
2061 1105 2408 1185 porrigebat

254 1191 318 1251 in
350 1209 648 1264 mensam,
689 1189 800 1250 iam
832 1190 995 1269 ipsae
1026 1189 1365 1251 defluebant
1392 1207 1683 1266 coronae;
1724 1189 1980 1270 denique
2024 1190 2284 1252 exoravit
2313 1199 2406 1271 ty-

251 1294 509 1337 rannum
539 1283 606 1336 ut
647 1274 809 1335 abire
853 1274 1088 1350 liceret,
1131 1276 1289 1354 quod
1319 1275 1435 1335 iam
1479 1274 1687 1336 beatus
1731 1274 1915 1335 nollet
1955 1293 2101 1337 esse.
2174 1276 2404 1337 Satisne

250 1361 483 1422 videtur
527 1360 854 1422 declarasse
895 1359 1212 1440 Dionysius
1257 1360 1404 1421 nihil
1450 1378 1577 1421 esse
1621 1359 1675 1420 ei
1718 1359 1978 1434 beatum,
2024 1360 2120 1420 cui
2164 1379 2405 1440 semper

252 1446 429 1525 aliqui
475 1453 672 1507 terror
712 1443 1094 1524 impendeat?
1150 1444 1342 1524 Atque
1374 1445 1429 1505 ei
1461 1464 1537 1506 ne
1581 1444 1880 1525 integrum
1912 1444 2148 1524 quidem
2181 1455 2307 1506 erat
2338 1454 2403 1507 ut

256 1532 329 1592 ad
361 1531 640 1593 iustitiam
670 1531 1048 1608 remigraret,
1093 1528 1317 1592 civibus
1362 1529 1692 1591 libertatem
1734 1536 1792 1590 et
1821 1530 1951 1591 iura
1979 1530 2284 1606 redderet3
2331 1530 2402 1592 iis

258 1616 421 1677 enim
466 1634 527 1678 se
572 1616 918 1677 adulescens
975 1615 1297 1695 improvida
1357 1623 1544 1675 aetate
1602 1615 1907 1677 inretierat
1965 1615 2171 1676 erratis
2215 1634 2401 1695 eaque

251 1702 656 1775 commiserat,
702 1708 770 1761 ut
797 1701 990 1762 salvus
1019 1718 1148 1761 esse
1178 1719 1300 1761 non
1332 1708 1552 1780 posset,
1596 1701 1645 1761 si
1688 1719 1871 1762 sanus
1911 1719 2038 1762 esse
2081 1700 2392 1780 coepisset.

424 1786 659 1857 Quanto
703 1804 882 1865 opere
922 1804 1063 1847 vero
1107 1784 1386 1846 amicitias
1429 1785 1814 1861 desideraret,
1858 1804 2110 1865 quarum
2139 1785 2392 1846 infideli·
2427 1764 2503 1819 22

246 1877 431 1931 tatem
455 1870 892 1946 extimescebat,
923 1870 1234 1932 declaravit
1255 1871 1317 1933 in
1341 1870 1710 1951 Pythagoriis
1734 1871 1965 1932 duobus
1987 1871 2119 1946 illis,
2144 1889 2400 1951 quorum

322 2010 366 2058 1.
415 2007 678 2058 hominem
722 2007 802 2058 fiir
846 2022 982 2072 eum,
1029 2020 1070 2059 S.
1119 2022 1184 2057 zu
1229 2006 1267 2058 1.

313 2144 675 2208 pulcher-mmo
698 2141 874 2192 textili
887 2141 1149 2206 stragulo.
1175 2140 1266 2193 Die

244 2209 447 2274 Adjeet.
498 2209 613 2261 sind
661 2210 770 2261 hier
804 2209 945 2261 nicht
981 2208 1139 2261 durch
1174 2209 1266 2260 das

245 2284 395 2330 sonst
446 2278 623 2343 notige
674 2283 726 2328 et
775 2277 1100 2340 verbunden,
1146 2277 1267 2329 weil

246 2347 429 2398 textili
444 2346 688 2411 stragulo
708 2345 986 2410 gleichsam
1007 2346 1155 2397 einen
1169 2344 1266 2397 Be-

245 2412 372 2481 griff
389 2414 578 2465 bilden.
613 2413 816 2465 Ebenso
852 2414 981 2465 fehlt
1005 2429 1098 2465 vor
1110 2416 1262 2479 picto

240 2485 537 2549 (operibusz
582 2482 677 2533 mit
710 2480 957 2541 Mustern)
1011 2480 1094 2533 die
1144 2480 1265 2533 Ver-

239 2548 740 2617 bindungspartikel,
765 2550 885 2601 weil
922 2548 1147 2601 dadurch
1172 2549 1262 2600 das

237 2618 1034 2685 vorhergehendepuleherrimo
1046 2618 1265 2683 begriin-

239 2686 332 2737 det
353 2686 506 2746 wird;
533 2702 574 2739 s.
601 2702 664 2736 zu
681 2685 756 2737 111.
784 2689 866 2749 18,
891 2687 986 2739 39:
1013 2687 1266 2737 exsulan-

239 2759 364 2804 tem
402 2783 467 2792 —
493 2727 825 2820 ’Dei-gleichen
853 2753 1107 2821 gestickte
1131 2753 1266 2820 Tep-

239 2822 396 2888 piebe
442 2821 639 2874 hiessen
686 2822 1011 2888 gewohnlich
1056 2822 1266 2889 phrygi-

240 2890 445 2957 gische3
488 2891 588 2956 vgl.
626 2888 780 2956 Verg.
815 2893 942 2942 Aen.
977 2889 1053 2942 111.
1091 2893 1207 2943 483.

312 2961 360 3011 4.
395 2960 675 3009 intuentia.
713 2959 981 3025 gewartig.

313 3030 359 3079 5.
396 3029 724 3091 ministrare,
763 3027 865 3078 wie
909 3026 1133 3077 nachher
1167 3028 1266 3077 mi-

237 3097 587 3154 nistrator-ea,
635 3095 704 3145 ist
750 3093 840 3145 der
888 3094 1096 3160 cigentl.
1131 3093 1260 3145 Aus-

240 3161 402 3213 druck
439 3162 519 3214 fiir
556 3160 1018 3228 Tischbedienung.
1082 3161 1199 3229 Vgl.
1223 3162 1259 3213 1.

311 3268 357 3350 6.
396 3299 601 3363 odor-ea,
636 3313 677 3349 s.
716 3314 780 3348 zu
815 3296 892 3349 ΠΙ.
933 3301 1013 3362 17,
1051 3300 1134 3351 43.

318 3369 757 3427 exstruebantur,
815 3365 956 3418 nicht
1008 3368 1264 3418 imtrueb.

224 3426 498 3485 ‘reiehlich
534 3427 766 3486 besetzt'.

309 3504 355 3555 8.
393 3506 605 3567 aptum,
642 3518 685 3555 s.
721 3518 783 3554 zu
818 3501 894 3554 111.
933 3505 1013 3565 17,
1039 3503 1129 3554 38·
1176 3518 1267 3551 ex-

232 3585 487 3636 pressam.

310 3640 357 3690 9.
394 3640 706 3703 cervicibus,
745 3637 827 3689 bei
854 3637 1027 3690 Cicero
1063 3635 1266 3688 Plurale

235 3708 453 3760 tantum.

310 3777 387 3827 11.
428 3774 817 3837 defluebant=
837 3776 1027 3824 sensim
1065 3773 1266 3823 delabe—

237 3844 451 3897 bantur.
508 3840 625 3908 Vgl.
660 3842 695 3894 1.
723 3844 806 3907 25,
825 3843 917 3902 623
951 3841 1058 3893 Liv.
1094 3840 1155 3895 ΙΙ.
1175 3843 1265 3893 20:

1367 2005 1719 2056 moribundus
1760 2006 1846 2070 (de
1886 2008 2042 2071 equo)
2083 2006 2157 2055 ad
2197 2010 2401 2057 terram
2488 2037 2492 2042 ·

1369 2075 1617 2136 defluxit.

1441 2143 1519 2193 12.
1541 2141 1770 2207 Satisne,
1790 2156 1830 2193 s.
1848 2140 1883 2195 1.
1904 2143 1986 2206 27,
2004 2143 2067 2193 67
2088 2156 2152 2192 zu
2165 2146 2398 2227 potesne

1442 2212 1521 2263 13.
1546 2210 1689 2260 nihil
1720 2225 1826 2259 ease
1850 2211 1901 2258 ei
1934 2211 2143 2259 beatum
2171 2203 2306 2259 ‘dass
2342 2224 2398 2260 es

1368 2276 1450 2328 fur
1486 2276 1585 2328 den
1620 2276 1739 2328 kein
1766 2276 1930 2328 Glfick
1965 2276 2107 2344 giebt
2143 2306 2209 2315 —
2228 2275 2396 2343 ..Vgl

1370 2347 1607 2465 15’12502‘
1638 2428 1705 2461 ne
1738 2414 2012 2477 integrum
2037 2411 2248 2477 quidem
2284 2418 2401 2463 erat

1364 2505 1435 2526 =
1459 2496 1528 2530 ne
1570 2477 1753 2541 facere
1821 2480 2002 2531 uidem
2029 2484 2275 2545 poterat,
2311 2479 2399 2532 da-

1365 2549 1459 2600 her
1475 2552 1553 2613 ut,
1579 2549 1734 2615 wiep
1738 2496 1897 2600 ,laun
1918 2551 1968 2613 4,
1988 2549 2043 2600 8:
2067 2551 2399 2613 nequeenim

1365 2620 1477 2666 iam
1500 2618 1635 2667 mihi
1660 2617 1784 2667 licet
1803 2631 1973 2681 neque
2005 2620 2084 2666 est
2106 2619 2397 2681 integrum,

1365 2688 1431 2736 ut
1473 2700 1647 2735 meum
1692 2685 1926 2735 laborem
1953 2714 2020 2721 -—
2061 2700 2171 2736 non
2205 2688 2398 2751 imper-

1367 2756 1517 2803 tiam.

1442 2824 1522 2873 17.
1565 2820 1741 2870 salvus
1767 2848 1833 2857 —
1870 2835 2051 2885 sanus,
2086 2819 2397 2872 Paronoma—

1370 2889 1473 2954 sie,
1520 2890 1621 2940 wie
1660 2891 1749 2954 16,
1785 2890 1874 2940 64:
1913 2893 2009 2938 aut
2039 2891 2268 2953 gravius
2302 2894 2399 2940 aul

1365 2958 1649 3022 grandius.

1442 3027 1520 3078 19.
1531 3027 1591 3074 in
1605 3026 1956 3091 Pythagoriis
1969 3023 2189 3089 duobus,
2203 3022 2398 3077 Damon

1367 3092 1474 3145 und
1508 3091 1757 3144 Phintias,
1825 3091 2237 3144 Ausffihrlieher:
2285 3092 2400 3154 Ari-

1365 3162 1678 3212 stoxenusb.
1692 3160 1951 3211 Iamblich.
1969 3161 2060 3211 vit.
2073 3158 2224 3227 Pyth.
2248 3148 2395 3226 §253

1364 3229 1572 3294 (dessen
1600 3227 1806 3279 Bericht
1830 3229 1983 3293 zeigt,
2008 3227 2119 3278 dass
2147 3227 2248 3279 Cic.
2273 3228 2398 3279 irr-

1365 3296 1639 3349 tumlich
1676 3296 1791 3348 dem
1827 3296 2083 3347 alteren
2119 3294 2396 3362 Dionysius

1366 3364 1477 3417 dies
1511 3363 1745 3416 Erlebnis
1803 3363 2137 3427 zuschreibt),
2192 3362 2292 3414 Cic.
2332 3362 2397 3415 de

1369 3431 1456 3485 off.
1481 3432 1557 3486 111.
1580 3436 1660 3496 10,
1679 3435 1744 3485 45
1769 3431 1872 3484 und
1891 3429 2004 3482 Val.
2028 3428 2096 3481 M.
2115 3400 2197 3482 l'v.
2224 3434 2271 3493 7,
2292 3435 2395 3483 ext.

1373 3504 1417 3555 1.
1443 3530 1512 3539 -
1548 3471 1766 3552 Seh'iller
1817 3500 1869 3550 in
1917 3498 2005 3549 der
2047 3467 2396 3564 ‘Burgschaft'

1371 3569 1504 3635 folgt
1551 3569 1604 3620 in
1648 3568 1747 3620 den
1795 3566 2018 3630 Namen,
2071 3579 2237 3632 gegen
2294 3568 2395 3619 alle

1370 3637 1585 3703 ubrigen
1621 3636 1928 3701 Zeugnisse,
1974 3635 2115 3686 einer
2156 3636 2394 3701 spateren

1368 3704 1644 3768 Antoritat,
1669 3702 1885 3771 demHy
1923 3702 2054 3768 ‘nu8‚
2079 3701 2169 3755 der
2190 3703 2266 3755 sie
2290 3704 2392 3756 fab.

1370 3774 1468 3826 257
1514 3772 1686 3824 Morus
1733 3719 1885 3823 undy
1925 3770 2201 3822 elinuntius
2245 3773 2395 3836 (statt

1368 3840 1565 3909 Dionys
1603 3839 1723 3892 aber
1757 3839 2007 3906 Phalaris)
2042 3844 2214 3891 neunt.
