2834 4317
153 1136 216 1185 10

158 1561 220 1610 15

158 1987 227 2037 20

1012 181 1199 235 menn
1234 181 1296 235 v.
1334 184 1416 249 20,
1437 185 1657 240 ενι-59.
2294 184 2416 245 133

428 353 558 416 Duo
583 353 656 414 de
677 354 1063 433 quadraginta
1084 372 1274 416 annos
1296 367 1586 436 tyrannus
1610 356 2113 436 Syracusanorum
2137 357 2248 419 fuit
2269 358 2410 420 Dio·
2445 355 2523 413 2⁰

260 439 484 520 nysiuS,
528 459 665 502 cum
709 440 976 520 quinque
1022 449 1080 501 et
1125 440 1328 520 viginti
1374 452 1548 504 natus
1590 459 1781 502 annos
1825 441 2193 503 dominatum
2239 463 2419 506 occu-

260 524 533 606 pavisset.
593 525 724 596 Qua
755 524 1198 604 pulchritudine
1228 524 1440 586 urbem
1460 572 1477 599 ,
1520 525 1737 604 quibus
1769 535 1961 587 autem
2003 526 2216 608 opibus
2245 547 2419 609 prae-

260 611 440 671 ditam
470 611 751 672 servitute
776 629 1119 689 oppressam
1149 611 1343 672 tenuit
1368 611 1694 672 civitateml
1738 612 1916 691 Atqui
1939 611 2013 672 de
2035 614 2150 674 hoc
2179 613 2420 676 homine

261 715 293 757 a
324 695 500 757 bonis
531 695 874 757 auctoribus
903 695 988 757 sic
1020 697 1308 776 scriptum
1338 696 1676 775 accepimus
1697 742 1711 769 ,
1760 715 2049 759 summam
2079 698 2260 760 fuisse
2291 700 2420 761 eius

262 782 325 843 in
359 781 514 843 victu
549 781 1014 861 temperantiam,
1047 782 1108 842 in
1142 781 1442 861 rebusque
1472 781 1757 860 gerundis
1785 782 1974 843 virum
2006 801 2202 845 acrem
2235 793 2295 845 et
2325 785 2420 845 in-

262 866 576 941 dustrium,
610 867 865 928 eundem
896 874 1092 927 tamen
1126 866 1457 927 maleficum
1488 877 1700 928 natura
1726 875 1782 927 et
1814 867 2120 929 iniustum.
2180 868 2269 930 Ex
2300 888 2421 948 quo

264 952 545 1013 omnibus
574 950 730 1013 bene
768 951 1071 1013 veritatem
1114 951 1487 1016 intuentibus
1526 951 1710 1012 videri
1755 971 1997 1013 necesse
2042 961 2133 1015 est
2159 953 2422 1015 miserri-

265 1055 460 1112 mum;
487 1055 555 1098 ea
579 1036 737 1098 enim
761 1036 906 1116 ipsa,
933 1051 1082 1115 quae
1106 1037 1511 1117 concupierat,
1538 1056 1613 1097 ne
1638 1046 1764 1097 tum
1789 1037 2046 1116 quidem,
2071 1057 2205 1100 cum
2223 1039 2422 1101 omnia

267 1142 331 1183 se
359 1140 535 1201 posse
565 1121 875 1195 censebat,
920 1122 1416 1201 consequebatur.
1504 1121 1621 1193 Qui
1652 1140 1787 1183 cum
1817 1132 1970 1184 esset
1999 1122 2175 1185 bonis
2204 1143 2421 1203 paren-

267 1207 425 1268 tibus
456 1216 632 1286 atque
661 1207 917 1274 honesto
962 1207 1092 1268 loco
1139 1217 1341 1277 natm,
1390 1207 1500 1268 etsi
1545 1207 1603 1267 id
1635 1206 1871 1285 quidem
1902 1208 2049 1272 alius
2092 1209 2203 1270 alio
2245 1209 2424 1271 modo

268 1292 535 1367 tradidit,
578 1291 1024 1371 abundaretque
1057 1300 1114 1353 et
1149 1293 1485 1371 aequalium
1527 1291 2017 1354 familiaritatibus
2062 1302 2121 1354 et
2167 1312 2423 1356 consue—

268 1376 473 1439 tudine
519 1377 1041 1456 propinquorum‚.
1087 1376 1333 1439 haberet
1376 1378 1551 1438 etiam
1598 1395 1761 1438 more
1807 1377 2085 1438 Graeciae
2139 1379 2424 1458 quosdam

270 1462 660 1524 adulescentis
692 1481 892 1523 amore
924 1462 1306 1537 coniunctos,
1352 1461 1629 1523 credebat
1659 1480 1864 1523 eorum
1897 1463 2152 1537 nemini,
2198 1464 2300 1526 sed
2330 1465 2425 1539 iis,

271 1566 421 1625 quos
466 1566 536 1608 ex
579 1547 810 1609 familiis
866 1546 1251 1628 locupletium
1294 1566 1495 1609 servos
1539 1546 1866 1626 delegerat,
1926 1547 2144 1626 quibus
2201 1568 2421 1610 nomen

272 1632 565 1694 servitutis
594 1633 721 1712 ipse
746 1632 1091 1707 detraxerat,
1124 1642 1182 1693 et
1205 1632 1554 1712 quibusdam
1586 1633 1870 1694 convenis
1901 1643 1960 1694 et
1989 1633 2129 1695 feris
2159 1633 2423 1695 barbaris

272 1718 540 1795 corporis
571 1718 894 1779 custodiam
921 1718 1340 1779 committebat.
1393 1717 1479 1778 Ita
1507 1728 1756 1797 propter
1782 1718 2060 1780 iniustam
2087 1719 2424 1782 dominatus

274 1802 741 1882 cupiditatemin
774 1821 1074 1865 carcerem
1107 1804 1361 1882 quodam
1391 1804 1567 1863 modo
1610 1804 1738 1882 ipse
1768 1822 1833 1865 se
1861 1804 2201 1866 incluserat.
2263 1804 2422 1875 Quin

275 1886 450 1948 etiam
481 1906 557 1948 ne
587 1888 815 1949 tonsori
850 1889 1065 1951 collum
1098 1889 1523 1962 committeret,
1571 1887 1817 1949 tondere
1861 1889 2010 1950 filias
2037 1907 2174 1951 suas
2202 1889 2423 1952 docuit.

273 1972 360 2034 lta
390 1972 627 2034 sordido
661 1974 1043 2052 ancillarique
1073 1974 1322 2036 artificio
1365 1973 1563 2053 regiae
1594 1973 1881 2052 virgineS,
1925 1983 1992 2035 ut
2021 1974 2423 2048 tonstriculae,

274 2057 602 2118 tondebant
644 2057 887 2119 barbam
933 2067 993 2119 et
1035 2059 1310 2139 capillum
1357 2058 1557 2137 patris.
1644 2058 1721 2119 Et
1765 2067 1959 2120 tamen
2008 2058 2080 2119 ab
2126 2059 2218 2121 his
2261 2061 2423 2140 ipsiS,

275 2162 410 2204 cum
440 2144 553 2204 iam
584 2152 783 2205 essent
810 2144 1075 2218 adultae,
1116 2145 1339 2205 ferrum
1382 2143 1632 2204 removit
1660 2143 2030 2222 instituitque
2065 2152 2133 2205 ut
2161 2146 2423 2207 canden-

275 2228 431 2289 tibus
461 2228 823 2307 iuglandium
847 2228 1253 2309 putaminibus
1278 2228 1521 2289 barbam
1552 2227 1665 2289 sibi
1697 2237 1756 2289 et
1779 2228 2054 2307 capillum
2085 2230 2422 2290 adurerent.

278 2313 541 2392 Cumque
570 2314 717 2374 duas
755 2332 973 2376 uxores
1001 2314 1271 2388 haberet,
1301 2313 1782 2383 Aristomachen,
1814 2314 1996 2374 civem
2029 2332 2224 2387 suam,
2255 2314 2428 2375 Dori·

347 2435 391 2482 1.
443 2430 769 2497 Dionysius,
818 2429 908 2483 der
956 2417 1160 2497 ssltere,
1194 2446 1299 2482 von
1394 2446 1501 2496 pro
1525 2445 1608 2480 me
1631 2432 1862 2481 maiores
1883 2433 1989 2480 mei
2009 2431 2428 2497 spoponderunt,

273 2500 544 2552 405—367
581 2514 632 2550 V.
669 2498 783 2551 Chr.
1401 2498 1538 2547 milti
1581 2497 1842 2549 creditum
1879 2503 1983 2559 esl3
2021 2497 2087 2549 ad
2120 2497 2226 2551 Att.
2262 2498 2346 2550 lV.
2373 2500 2422 2564 3,

343 2568 393 2621 3.
440 2569 634 2632 quibus
670 2571 850 2620 autem
888 2567 1058 2633 (auch)
1095 2569 1299 2633 opibus,
1402 2568 1463 2617 5:
1501 2581 1794 2630 numquam
1819 2568 1959 2617 enim
1996 2568 2308 2632 cuiusquam
2344 2570 2430 2618 in·

275 2651 316 2687 s·
352 2650 416 2687 zu
452 2633 533 2687 lV.
572 2636 620 2699 2,
645 2636 694 2686 5.
1399 2633 1518 2683 vidi
1562 2639 1616 2684 et
1651 2634 1856 2699 perfidi
1901 2635 2123 2686 consilio
2177 2639 2254 2686 est
2299 2651 2427 2689 usus

343 2704 393 2754 4.
439 2702 502 2752 de
536 2704 634 2753 hoc
666 2704 877 2753 homine
905 2731 971 2740 —
1001 2705 1300 2768 accepimus
1399 2718 1499 2752 nee
1545 2703 1713 2751 inerti
1757 2703 1931 2754 nobile·
1976 2703 2302 2765 creditura-53
2361 2702 2423 2755 ad

271 2798 344 2808 —
370 2773 497 2834 eius,
533 2785 572 2822 s.
608 2768 690 2822 lV.
733 2772 814 2833 22,
847 2772 910 2822 50
946 2786 1010 2822 zu
1047 2770 1112 2821 de
1143 2769 1297 2832 Afri-
1401 2770 1523 2822 sam.
1558 2768 1592 2821 1.
1632 2773 1679 2834 7,
1717 2773 1764 2824 9.

275 2853 428 2917 carro.
456 2866 530 2898 4—-
573 2838 698 2890 Zum
734 2838 899 2891 Inhalt
934 2838 1037 2904 vgl.
1073 2837 1202 2905 Nep.
1241 2839 1305 2890 de
1481 2840 1558 2889 15.
1586 2854 1654 2919 ορ
1676 2832 2034 2899 familiis‘aus
2059 2837 2157 2891 den
2182 2837 2429 2891 Gesinde-

272 2905 748 3039 reg51P⁶a3eepimug
784 2989 826 3026 s.
864 2989 927 3024 zu
962 2971 1044 3026 IV.
1086 2976 1130 3039 1,
1158 2975 1207 3026 3.
1408 2906 1668 3025 εωέιῗιιιᾶη
1718 2974 2046 3025 detraxerat.
2118 2973 2184 3026 Er
2236 2980 2429 3027 nannte

346 3043 393 3094 8.
452 3044 734 3093 veritatem
775 3035 903 3093 ‘das
964 3041 1137 3094 wahre
1185 3040 1308 3093 Ver·
1410 3042 1486 3093 sie
1522 3042 1672 3106 (nach
1699 3041 1845 3094 Diod.
1872 3040 1954 3095 VI.
1993 3043 2075 3107 14)
2112 3042 2429 3109 Neubtirger‚

275 3104 508 3173 hfiltnis'3
546 3110 653 3176 vgl.
688 3126 739 3177 p.
773 3108 901 3162 Mur.
941 3111 1021 3172 29,
1056 3112 1147 3163 60:
1185 3110 1308 3161 doc·
1409 3106 1737 3161 νεοπολῖται.

2460 439 2521 489 57

2469 2322 2528 2373 59

280 3181 427 3229 trina
446 3207 509 3216 —
525 3177 694 3243 paulo
731 3180 978 3244 asperior
1012 3182 1064 3228 et
1098 3177 1307 3242 durior,
1485 3182 1564 3230 17.
1601 3183 1846 3244 eorporis
1879 3171 2066 3230 ‘seiner
2100 3169 2327 3230 Person'.

278 3261 438 3311 quam
464 3249 564 3298 aut
583 3249 783 3297 veritas
818 3250 917 3297 aut
938 3251 1142 3298 natura
1157 3249 1305 3312 pati·
1482 3248 1562 3298 20.
1608 3250 1672 3296 ut
1705 3247 2070 3298 tonstriculae.
2143 3244 2427 3297 Weibliche

278 3319 385 3365 tur.
1405 3311 1647 3365 Barbiere
1693 3313 1933 3366 kommen
1978 3312 2109 3365 auch
2146 3318 2291 3364 sonst
2325 3311 2427 3363 bis·
2495 3371 2498 3372 ⁷

350 3384 428 3435 11.
449 3381 590 3431 alius
612 3382 722 3438 alio
748 3383 920 3433 modo.
973 3379 1116 3433 Nach
1134 3379 1302 3433 Hella·
1404 3381 1594 3433 weilen
1633 3397 1754 3447 vor,
1796 3398 1841 3436 z.
1878 3379 1937 3435 B.
1979 3380 2147 3432 Plaut.
2184 3378 2333 3431 Truc.
2371 3379 2427 3432 11.

275 3448 391 3501 dius
427 3450 510 3501 bei
546 3448 765 3501 Photius
810 3450 908 3502 soll
945 3465 1000 3501 er
1034 3448 1122 3501 der
1157 3448 1301 3501 Sobn
1404 3452 1455 3514 4,
1493 3452 1575 3504 51.

276 3518 421 3569 eines
456 3517 808 3582 EseltreiberS‚
847 3516 975 3569 nach
1013 3515 1157 3569 Diod.
1196 3516 1298 3569 Sic.
1476 3518 1557 3568 22.
1605 3521 1669 3568 ut
1714 3545 1781 3555 —
1816 3517 2122 3568 adurerent.
2191 3512 2429 3567 Dieselbe

276 3601 334 3637 er
378 3585 541 3637 selbst
576 3584 845 3637 Schreiber
892 3599 1132 3652 gewesen
1170 3584 1298 3638 sein.
1404 3583 1707 3637 Nachricht:
1763 3584 1826 3637 de
1875 3583 1960 3635 off.
1997 3582 2052 3635 11.
2091 3584 2139 3646 7,
2176 3585 2266 3643 25;
2317 3581 2429 3634 Val.

351 3656 429 3706 14.
468 3654 716 3705 credebat
749 3654 883 3705 ohne
921 3652 1114 3718 Objekt
1148 3678 1217 3698 =
1238 3653 1303 3717 fi·
1404 3652 1539 3705 Max.
1564 3653 1648 3705 IX.
1679 3656 1723 3716 1,
1748 3656 1849 3705 ext.
1878 3654 1925 3714 3,
1965 3651 2065 3703 und
2098 3650 2429 3704 andei-wart&

273 3721 393 3772 dem
433 3723 675 3787 habebat,
715 3722 814 3773 wie
850 3720 982 3773 auch
1018 3726 1164 3773 sonst
1200 3720 1304 3772 bis·
1476 3724 1558 3775 24.
1615 3722 1751 3772 duas
1802 3736 2035 3785 uxore-5,
2091 3719 2313 3771 namlich
2368 3736 2432 3770 zu

274 3789 464 3841 weilen
516 3790 598 3841 bei
638 3790 768 3853 Cic.,
816 3790 919 3856 vgl.
959 3789 1021 3841 de
1056 3789 1157 3854 leg.
1195 3803 1301 3855 agr.
1406 3788 1630 3854 gleicher
1678 3787 1803 3840 Zeit.
1874 3788 1944 3840 Im
1995 3803 2190 3854 ganzen
2238 3787 2329 3839 hat
2376 3802 2432 3839 er

274 3858 331 3910 ll.
370 3860 453 3922 36,
493 3860 616 3911 100:
667 3856 810 3909 nulli
834 3859 1041 3924 populo
1076 3872 1301 3909 romano
1406 3858 1559 3922 (nach
1582 3855 1711 3923 Nep.
1738 3855 1801 3908 de
1826 3871 1932 3923 reg.
1955 3858 2002 3921 2,
2022 3858 2074 3922 3)
2099 3855 2205 3907 drei
2231 3854 2430 3908 Frauen
