2834 4317
490 154 570 211 46
1254 156 1444 211 LIBER
1477 156 1516 209 1.
1557 160 1638 222 13,
1674 160 1757 210 29.
1797 158 1881 212 30.

487 327 730 408 physica
774 327 1136 404 didicissent,
1181 338 1415 392 tantum
1458 328 1573 391 sibi
1617 338 2054 409 persuaserant,
2101 339 2390 408 quantum
2438 339 2658 391 natura

487 412 849 475 admonente
879 426 1303 494 cognoverant,
1334 415 1599 477 rationes
1629 422 1688 475 et
1711 432 1918 476 causas
1946 432 2149 476 rerum
2182 434 2306 476 non
2337 414 2658 491 tenebant,

485 498 624 560 visis
656 498 1011 578 quibusdam
1040 519 1218 581 saepe
1260 500 1656 562 movebantur
1697 500 1889 579 iisque
1917 500 2171 561 maxime
2204 501 2539 578 nocturniS,
2586 512 2658 563 ut

483 583 831 646 viderentur
859 585 932 659 ei,
965 587 1065 665 qui
1095 586 1211 648 vita
1241 595 1639 660 excesserant,
1669 584 1884 646 vivere.

652 669 733 730 Ut
775 688 957 750 porro
1001 671 1406 733 firmissimum
1452 672 1565 733 hoc
1608 670 1828 733 adferri
1870 669 2120 746 videtur,
2178 688 2287 731 cur
2331 670 2475 732 deos
2518 689 2657 732 esse

483 756 815 830 credamuS,
862 756 1020 834 quod
1054 756 1215 819 nulla
1246 776 1394 837 gens
1424 767 1543 818 tam
1572 758 1716 831 fera,
1761 774 1940 817 nemo
1986 755 2255 816 omnium
2287 764 2407 816 tam
2433 755 2512 817 sit
2541 756 2657 816 im-

481 839 691 915 manis,
738 840 909 901 cuius
938 852 1200 903 mentem
1233 862 1356 904 non
1400 842 1683 904 imbuerit
1712 840 1960 901 deorum
1992 840 2197 920 opinio
2227 841 2421 918 (multi
2452 840 2525 902 de
2558 841 2656 903 dis

479 943 659 1005 prava
702 926 972 988 sentiunt
1000 927 1175 989 —id
1220 928 1378 989 enim
1425 929 1635 989 vitioso
1682 944 1847 988 more
1893 926 2047 987 effici
2092 926 2245 987 solet
2287 960 2389 1000 -,
2436 944 2656 988 omnes

479 1022 677 1073 tamen
727 1029 858 1073 esse
901 1012 1020 1073 vim
1065 1020 1126 1074 et
1168 1022 1446 1075 naturam
1490 1012 1749 1074 divinam
1794 1011 2182 1085 arbitrantur,
2242 1029 2357 1072 nec
2399 1029 2541 1072 vero
2588 1011 2654 1072 id

482 1096 827 1158 conlocutio
859 1097 1172 1159 hominum
1203 1106 1306 1160 aut
1333 1117 1654 1161 consessus
1699 1097 1917 1173 effecit,
1964 1115 2087 1157 non
2119 1096 2410 1158 institutis
2440 1097 2654 1178 opinio

482 1190 570 1243 est
590 1182 959 1262 confirmata,
985 1202 1109 1245 non
1134 1182 1366 1264 legibus
1376 1201 1394 1259 ;
1427 1184 1590 1246 omni
1614 1191 1812 1245 autem
1836 1183 1899 1243 in
1932 1200 1998 1242 re
2022 1181 2340 1243 consensio
2374 1182 2656 1243 omnium

480 1268 751 1345 gentium
781 1268 878 1329 lex
906 1276 1152 1332 naturae
1195 1268 1459 1351 putanda
1490 1270 1604 1348 est)
1639 1302 1721 1313 —
1753 1268 1887 1348 quis
1931 1275 2021 1329 est
2049 1267 2231 1347 igitur
2262 1266 2362 1346 qui
2391 1284 2652 1328 suorum

478 1362 732 1414 mortem
764 1353 1028 1433 primum
1058 1373 1182 1416 non
1216 1373 1287 1416 eo
1318 1355 1536 1434 lugeat,
1569 1353 1729 1434 quod
1751 1373 1855 1415 eos
1879 1352 2119 1415 orbatos
2144 1352 2289 1413 vitae
2314 1352 2654 1414 commodis

478 1436 846 1499 arbitretur?
875 1439 1044 1501 Tolle
1065 1439 1222 1500 hanc
1246 1441 1615 1520 opinionem,
1638 1443 1865 1501 luctum
1886 1438 2220 1501 sustuleris.
2266 1438 2455 1499 Nemo
2479 1437 2650 1499 enim

479 1530 707 1584 maeret
746 1541 857 1584 suo
900 1524 1311 1586 incommodoz
1356 1525 1564 1587 dolent
1606 1527 1855 1586 fortasse
1900 1531 1962 1584 et
2005 1532 2338 1603 anguntur3
2397 1521 2502 1585 sed
2544 1522 2652 1584 illa

1610 1672 1763 1708 nemo
1799 1661 1895 1723 est,
1929 1662 2026 1723 qni
2060 1664 2160 1709 cet.
2220 1655 2408 1721 Streng
2441 1654 2652 1721 logisch

1611 1725 1734 1776 aber
1768 1725 1956 1776 musste
1993 1725 2159 1777 dieser
2193 1724 2449 1776 Nachsatz
2482 1739 2548 1775 zu
2580 1722 2654 1776 Ut

1609 1820 1679 1831 —
1714 1807 1773 1844 so
1812 1793 2032 1845 beissen:
2078 1796 2158 1844 ita
2204 1795 2512 1844 animorum
2544 1794 2650 1842 im-

1609 1861 1999 1911 mortalitatem
2016 1862 2198 1912 eadem
2214 1864 2429 1912 ratione
2445 1877 2516 1911 etc
2532 1876 2650 1911 om-

1609 1930 1761 1978 nium
1773 1931 2020 1993 gentium
2045 1932 2390 1980 consensione
2407 1930 2653 1995 probare

1602 2011 1916 2062 possumus.-
1951 2012 2106 2047 nemo
2143 2001 2222 2047 est
2244 1999 2388 2048 enim
2423 2000 2519 2063 qui
2542 2001 2650 2048 cet.

1681 2065 1731 2117 2.
1753 2066 2011 2130 primum.
2065 2063 2190 2116 Dem
2215 2065 2503 2131 entspricht
2522 2067 2655 2115 'ana-

1610 2131 1907 2184 kolutbisch
1928 2136 2033 2184 eret
2049 2133 2083 2200 5
2097 2134 2156 2185 31
2181 2147 2498 2183 maxumum
2519 2147 2652 2183 vero

1612 2204 1711 2252 cet.
1750 2198 1865 2266 Vgl.
1891 2202 1975 2262 24,
2002 2204 2065 2254 57
2102 2201 2340 2266 primum
2364 2228 2429 2236 —
2466 2199 2653 2263 Quid?

550 1659 598 1708 1.
615 1658 863 1723 physica.
924 1655 1159 1709 Gemeint
1192 1657 1261 1708 ist
1283 1656 1367 1709 die
1392 1658 1510 1724 spa·

479 1729 557 1775 ter
591 1729 911 1789 sogenannte
945 1722 1291 1792 Metaphysik.

547 1796 758 1841 tantum
781 1818 852 1827 —
869 1796 1131 1857 quantum
1154 1794 1208 1843 in
1234 1793 1507 1845 bescbrin-

477 1857 698 1910 kendem
738 1856 896 1911 Sinne
932 1861 1033 1912 wie
1068 1858 1127 1913 ΙΙ.
1155 1863 1236 1925 19,
1262 1864 1348 1914 44.

546 1928 596 1978 3.
667 1928 1020 1979 movebantur
1055 1927 1236 1980 liefsen
1271 1928 1381 1981 sich
1418 1928 1508 1980 be-

478 1994 735 2047 stimmen.

548 2065 599 2117 5.
636 2079 735 2114 cur
775 2063 901 2114 deos
942 2079 1050 2114 esse
1073 2063 1356 2115 credamus
1378 2065 1508 2115 statt

479 2130 620 2183 eines
659 2129 833 2184 Subst.
879 2131 1062 2184 abath:
1115 2132 1206 2185 der
1257 2131 1509 2183 sichel-ste

476 2197 681 2251 Beweis
727 2194 828 2251 ‘fiir
875 2199 975 2251 den
1019 2199 1252 2253 Glauben
1298 2214 1363 2251 an
1412 2199 1508 2251 das

476 2265 662 2320 Dasein
701 2266 791 2319 der
816 2266 1037 2322 Gotter'.
1091 2268 1161 2322 So
1181 2271 1264 2332 33,
1285 2270 1377 2322 80:
1412 2285 1505 2319 ra·

477 2338 678 2386 tionem
731 2352 832 2387 cnr
883 2339 963 2388 ita
1013 2338 1119 2401 fiat
1169 2336 1352 2398 adfert
1405 2334 1508 2388 und

475 2404 621 2455 nihil
663 2407 999 2458 necessitatis
1041 2404 1226 2468 adfert
1270 2421 1368 2457 cur
1410 2421 1510 2455 na-

475 2477 704 2524 scantur
738 2477 925 2526 animi.

548 2544 597 2593 7.
666 2544 889 2594 deorum
942 2545 1124 2610 opinio
1141 2581 1155 2607 ,
1209 2542 1326 2594 eine
1354 2535 1506 2593 ‘Vor-

478 2608 705 2674 stellung
740 2625 843 2662 von
880 2611 981 2663 den
1018 2604 1276 2674 Gottern',
1312 2610 1413 2661 wie
1449 2608 1507 2661 11.

478 2678 562 2738 26,
588 2678 679 2730 63:
728 2681 911 2744 opinio
955 2682 1250 2730 honestatis
1280 2677 1387 2730 und
1419 2675 1506 2729 lv,

478 2747 562 2807 31,
587 2747 681 2798 65:
717 2747 986 2796 malorum
1020 2750 1221 2813 opinio.

545 2811 706 2862 multi
753 2842 818 2851 —
855 2816 1111 2878 putanda
1167 2818 1246 2865 est
1300 2814 1371 2867 ist
1430 2813 1509 2866 als

479 2880 791 2933 Parenthcse
828 2897 893 2933 zu
936 2881 1134 2941 fascem
1190 2881 1282 2933 der
1316 2881 1513 2934 anako-

477 2948 735 3001 luthische
787 2948 1046 3001 Nachsatz
1103 2966 1168 3002 zu
1227 2949 1292 3004 Ut
1335 2966 1508 3016 porro

475 3044 545 3055 —
580 3018 672 3070 ist:
708 3021 828 3083 quis
862 3024 942 3069 est
971 3020 1150 3082 igitur
1184 3024 1283 3071 cet.

550 3087 599 3138 8.
642 3089 808 3137 enim:
853 3086 1096 3149 nfimlich;
1123 3089 1320 3139 vitioso
1343 3101 1508 3153 more,

478 3153 584 3220 vgl.
609 3154 687 3208 111.
716 3158 762 3220 1,
788 3156 837 3206 2.

552 3226 633 3278 10.
668 3227 769 3274 aut
801 3238 1089 3275 consessus.
1150 3223 1264 3289 Vgl.
1301 3223 1366 3275 de
1401 3223 1502 3291 leg.

478 3292 536 3345 11.
573 3297 623 3358 5,
663 3294 751 3347 13:
806 3306 947 3358 quae
996 3307 1107 3343 non
1157 3294 1336 3357 magis
1371 3292 1507 3357 legis

477 3377 672 3413 nomen
706 3364 1015 3426 attingunt,
1061 3376 1223 3425 quam
1255 3363 1306 3411 si
1339 3361 1506 3411 latro-

477 3446 571 3480 nes
587 3431 801 3495 aliquas
820 3444 1064 3480 consessu
1086 3443 1184 3479 suo
1200 3432 1504 3482 sanxerint.

476 3496 532 3550 In
580 3496 677 3549 den
727 3497 914 3550 beiden
960 3501 1130 3550 ersten
1168 3495 1405 3548 Gliedern
1441 3498 1513 3550 ist

478 3565 562 3618 die
594 3565 836 3631 zufallige
874 3553 1276 3631 Ubereinkunft,
1319 3566 1372 3616 in
1408 3565 1508 3618 den

478 3632 755 3700 folgenden
800 3633 885 3686 die
929 3633 1242 3698 gesetzliche
1286 3632 1506 3686 Bestim-

477 3718 636 3771 mung
678 3702 905 3768 gemeint
949 3703 1233 3767 (institutis
1278 3725 1345 3746 =
1381 3701 1507 3755 Ver-

477 3771 815 3836 ordnungen).

551 3842 629 3894 12.
666 3845 787 3907 quis
821 3844 899 3890 est
932 3841 1110 3905 igitur
1144 3843 1244 3895 cet.
1281 3839 1389 3893 fiir:
1424 3843 1507 3892 ita

1610 2267 1675 2321 V.
1700 2271 1749 2332 9,
1776 2270 1843 2322 24
1874 2271 2114 2334 primum
2147 2295 2217 2306 —
2250 2267 2417 2327 idem3
2466 2270 2556 2330 27;
2579 2270 2650 2322 ‘18

1607 2352 1984 2456 ...w-dm.
2022 2339 2234 2456 ζειν-7,
2269 2351 2355 2456 r
2390 2363 2460 2374 -

1971 2444 1985 2469 ,
2053 2445 2065 2457 .
2237 2442 2252 2467 ,
2344 2439 2359 2455 .

1681 2477 1762 2528 14.
1812 2472 1959 2525 Tolle
1991 2501 2061 2511 -
2094 2473 2400 2535 sustuleris,
2428 2470 2519 2524 der
2542 2470 2648 2523 Im-

1611 2541 1810 2608 perativ
1836 2545 1963 2593 statt
1985 2544 2036 2592 si
2058 2541 2153 2593 mit
2177 2540 2294 2592 dem
2319 2539 2431 2593 Fut.
2452 2543 2645 2601 exact.;

1610 2611 1701 2662 der
1735 2609 2016 2676 Hauptsatz
2067 2609 2203 2675 folgt
2245 2608 2381 2660 dann
2418 2608 2500 2659 bei
2536 2606 2649 2659 Cic.

1612 2683 1670 2731 st
1681 2682 1742 2730 et
1756 2693 1782 2730 s
1809 2693 1842 2730 o
1856 2678 1891 2729 h
1904 2694 1935 2729 n
1947 2693 1976 2728 e
2004 2683 2071 2742 et,
2084 2675 2409 2743 gewobnlich
2420 2673 2647 2727 imFutJ.

1612 2745 1683 2798 So
1708 2747 1793 2810 22,
1818 2747 1882 2800 51
1942 2746 2080 2797 Haec
2130 2748 2382 2811 reputent
2430 2745 2525 2793 isti
2573 2772 2646 2782 —

1610 2814 1891 2875 videbunt3
1928 2816 2021 2875 39,
2056 2816 2125 2867 94
2162 2811 2360 2873 Confer
2393 2839 2463 2849 —
2493 2827 2644 2875 repe-

1609 2887 1818 2933 riemur
1835 2882 1940 2933 und
1959 2881 2110 2935 oster.
2136 2882 2228 2933 Als
2247 2880 2449 2947 gesch
2466 2879 2643 2933 §rste

1609 2950 1974 3017 Bezeichnung
2018 2949 2109 3001 der
2149 2948 2311 3015 Folge
2356 2946 2496 2999 steht
2537 2946 2644 2999 bis-

1614 3019 1802 3070 weilen
1839 3023 1953 3069 tum
1989 3017 2157 3086 dabei,
2192 3032 2240 3079 z,
2265 3016 2322 3068 B.
2348 3014 2410 3068 V.
2436 3018 2523 3080 34,
2545 3018 2641 3070 992

1609 3088 1763 3141 Adde
1797 3115 1868 3124 —
1902 3086 2040 3137 adde
2074 3115 2141 3123 —
2187 3082 2378 3146 confer·
2424 3110 2491 3123 —
2527 3087 2645 3135 tum

1612 3156 1909 3221 intelleges,
1944 3153 2070 3206 oder
2104 3157 2232 3216 iam,
2271 3153 2371 3205 wie
2395 3153 2447 3204 in
2472 3151 2580 3204 Cat.
2604 3152 2643 3205 1.

1610 3227 1660 3285 4,
1686 3227 1741 3276 82
1765 3222 2101 3288 Recognosce
2121 3250 2191 3261 —
2212 3225 2325 3272 iam
2347 3217 2639 3285 intelleges.

1608 3290 1703 3343 Mit
1736 3290 1851 3344 dem
1888 3291 2003 3345 Fut.
2041 3307 2121 3343 ex.
2167 3290 2299 3342 wird
2344 3287 2505 3341 durch
2540 3288 2639 3341 den

1607 3358 1881 3412 Ausdruck
1933 3359 2023 3411 der
2071 3357 2400 3423 Vollendung
2452 3358 2505 3408 in
2550 3355 2640 3409 der

1608 3427 1837 3480 Zukunft
1861 3432 2025 3480 etwas
2058 3427 2135 3480 als
2158 3427 2306 3480 rascb
2332 3425 2640 3490 vollbracbt,

1612 3495 1772 3549 daher
1795 3495 1926 3548 auch
1951 3496 2029 3548 als
2046 3494 2380 3548 unmittelbar
2402 3508 2452 3545 u.
2474 3491 2639 3545 sicher

1612 3563 1994 3617 bevorstehend
2031 3564 2357 3617 bezeichnet.

1686 3636 1765 3686 15.
1783 3638 2000 3684 maeret.
2017 3630 2136 3684 Dies
2160 3630 2388 3683 Verbum
2415 3629 2526 3685 bez.
2551 3644 2632 3681 zu·

1609 3702 1764 3754 meist
1773 3701 1865 3753 das
1879 3700 2002 3753 tiere
2015 3698 2434 3765 Schmerzgel'uhl
2445 3697 2637 3762 (Herm)

1610 3786 1696 3823 um
1739 3769 1960 3822 fremdes
2003 3767 2268 3836 Ungh'ick,
2313 3767 2491 3819 dolere
2535 3766 2637 3818 und

1612 3838 1808 3891 stiirker
1845 3839 1981 3904 angi
2016 3837 2108 3890 das
2143 3852 2230 3889 um
2266 3836 2477 3903 eigenes
2500 3833 2635 3900 Leid,

2709 1110 2778 1160 10

2708 1536 2773 1586 15
