2834 4317
149 1546 230 1598 15

1008 233 1017 250 P
1095 168 1283 222 LIBER
1315 168 1379 224 V.
1416 172 1466 233 4,
1489 172 1569 222 10.

640 253 807 326 ἀλκὶ
826 235 943 292 452⁴
978 238 995 262 ι,

2262 157 2409 226 '109

264 360 431 417 eum,
480 343 583 421 qui
627 342 951 404 haberetur
991 360 1267 404 maxumo
1296 341 1573 403 ludorum
1603 350 1886 423 apparatu
1915 343 2101 405 totius
2133 344 2410 406 Graeciae

266 426 630 489 celebritate.
713 428 861 488 Nam
902 436 969 488 ut
1011 428 1127 492 illic
1165 427 1261 489 alii
1302 428 1656 507 corporibus
1699 427 2030 490 exercitatis
2069 429 2316 506 gloriam
2357 439 2417 492 et

268 510 637 574 nobilitatem
668 526 924 574 coronae
955 521 1261 617 pqtefent‚
1305 513 1403 574 alii
1433 512 1666 574 emendi
1707 521 1811 574 aut
1836 513 2129 574 vendendi
2169 524 2418 594 quaestu

271 606 331 658 et
359 597 528 659 lucro
559 597 951 672 ducerentur,
990 596 1145 659 esset
1174 606 1370 659 autem
1413 597 1708 676 quoddam
1749 616 1942 678 genus
1982 617 2208 675 eorum,
2239 600 2418 681 idque

177 695 221 745 5
269 682 362 744 vel
403 683 651 745 maxime
681 683 1029 763 ingenuum,
1063 684 1163 762 qui
1194 702 1306 744 nec
1336 683 1605 764 plausum
1639 702 1750 744 nec
1779 683 2011 744 lucrum
2042 694 2417 763 quaererent,

269 767 373 830 sed
395 768 621 829 visendi
647 786 823 830 causa
845 768 1119 829 venirent
1141 769 1524 846 studioseque
1548 768 1960 848 perspicerent
1983 770 2122 848 quid
2145 779 2421 849 ageretur

270 862 331 913 et
362 871 480 931 quo
511 854 721 929 modo,
757 854 900 915 item
933 872 1043 915 nos
1075 854 1241 932 quasi
1271 854 1333 914 in
1365 862 1660 915 mercatus
1690 853 1986 932 quandam
2018 854 2419 917 celebritatem

271 957 346 999 ex
375 937 526 999 urbe
557 938 769 1019 aliqua,
801 940 887 1000 sic
916 939 977 1000 in
1010 939 1164 1000 hanc
1185 939 1361 1000 vitam
1392 956 1465 999 ex
1496 939 1602 999 alia
1633 938 1747 1034 Vifssa
1778 946 2078 1032 QHQJE?
2100 941 2418 1019 profectoS,

272 1023 418 1085 alios
465 1024 686 1101 gloriae
731 1024 986 1100 servire,
1029 1024 1171 1085 alios
1211 1023 1534 1104 pecuniae;
1574 1021 1748 1086 raros
1775 1021 2271 1103 'esse.›qu0sdam,
2318 1027 2421 1106 qui

141 1118 226 1171 10
273 1109 486 1170 ceteris
516 1108 795 1170 omnibus
836 1127 947 1190 pro
993 1109 1177 1171 nihilo
1208 1108 1420 1170 habitis
1462 1127 1665 1170 rerum
1708 1117 1978 1170 naturam
2023 1111 2284 1172 studiose
2326 1112 2421 1173 in-

272 1201 618 1269 tuerentur;
670 1193 781 1256 hos
823 1214 888 1256 se
931 1195 1228 1275 appellare
1279 1193 1599 1274 sapientiae
1650 1194 1975 1264 studiosos,
2029 1195 2087 1256 id
2130 1204 2218 1257 est
2260 1197 2421 1258 enim

270 1278 687 1359 philosophos;
739 1289 798 1340 et
840 1288 907 1341 ut
934 1280 1053 1341 illic
1093 1278 1565 1341 liberalissimum
1610 1287 1765 1341 esset
1806 1287 2074 1360 spectare
2118 1280 2265 1341 nihil
2309 1281 2421 1343 sibi

270 1363 710 1442 adquirentem,
748 1365 834 1426 sic
862 1364 926 1425 in
956 1365 1071 1426 vita
1100 1365 1278 1445 longe
1312 1363 1591 1425 omnihus
1621 1364 1829 1426 studiis
1860 1365 2421 1445 contemplationem

271 1466 474 1510 rerum
506 1449 1026 1529 cognitionemque
1056 1453 1392 1531 praestare.⁸

446 1534 568 1596 Nec
593 1553 735 1595 vero
779 1535 1138 1615 Pythagoras
1184 1534 1443 1596 nominis
1473 1466 2025 1608 mffinventon
2080 1536 2183 1596 sed
2225 1553 2424 1597 rerum

276 1617 450 1680 etiam
494 1619 752 1699 ipsarum
797 1621 1184 1700 amplificator
1222 1620 1352 1681 fuit.
1413 1619 1529 1690 Qui
1573 1637 1708 1679 cum
1752 1620 2077 1699 posthunc
2106 1620 2425 1682 Phliasium

271 1722 615 1766 sermonem
659 1705 720 1766 in
768 1704 994 1767 Italiam
1037 1706 1323 1780 venisset,
1367 1705 1673 1765 exornavit
1710 1723 1839 1766 eam
1884 1704 2220 1780 Graeciam,
2273 1725 2424 1786 quae

270 1807 487 1868 magna
529 1789 682 1851 dicta
713 1798 831 1865 est,
876 1800 935 1852 et
962 1791 1229 1871 privatim
1262 1798 1323 1851 et
1350 1789 1589 1870 publice
1617 1791 2137 1870 praestantissimis
2166 1799 2227 1852 et
2255 1792 2426 1854 insti-

271 1875 417 1936 tutis
447 1883 508 1936 et
536 1875 780 1937 artibus.
849 1876 1029 1938 Cuius
1070 1876 1142 1937 de
1174 1875 1482 1955 disciplina
1513 1875 1667 1936 aliud
1708 1883 1944 1955 tempus
1973 1877 2151 1937 fuerit
2177 1877 2426 1939 fortasse

345 2013 392 2062 1.
432 2024 687 2060 maxumo
736 2010 985 2061 ludorum
1029 2017 1299 2075 apparatu

264 2069 375 2128 ‘bei
428 2076 517 2128 der
566 2077 921 2144 praclitvollen
972 2078 1299 2145 Ausfuhrung

275 2144 368 2197 der
403 2137 619 2212 Spiele'.

345 2214 394 2265 2.
442 2214 751 2264 celebritate
771 2206 945 2266 ‘unter
988 2212 1300 2266 zahlreicher

273 2276 646 2347 Beteiligung'.
681 2281 877 2334 Weiter
891 2286 1045 2334 unten
1064 2282 1300 2333 bezeich-

277 2352 369 2401 net
391 2348 501 2401 dies
525 2348 675 2402 Wort
697 2350 813 2403 eine
848 2349 1134 2401 zahlreiche
1159 2348 1300 2403 Fest-

276 2416 674 2483 versammlung.

338 2487 385 2537 3.
396 2486 727 2536 nobilitatem
740 2501 986 2538 coronae.
1025 2485 1124 2538 Zur
1137 2484 1303 2539 Sache

259 2553 384 2620 ⁸vgl.
420 2553 455 2605 1.
481 2556 562 2616 46,
593 2556 682 2606 111
713 2569 765 2604 u.
788 2552 843 2606 ll.
876 2558 954 2619 17,
980 2558 1063 2607 41.

349 2624 397 2673 6.
421 2621 630 2672 visendi
663 2637 844 2685 causa,
879 2636 920 2674 S.
947 2639 1011 2674 zu
1033 2622 1069 2674 1.
1109 2626 1191 2686 19,
1219 2626 1303 2687 44,

278 2704 365 2740 wo
418 2689 549 2741 auch
596 2693 899 2755 perspicere
951 2691 1003 2741 in
1052 2691 1303 2756 gleichem

279 2754 439 2808 Sinne
473 2757 576 2809 wie
610 2757 719 2809 hier
755 2758 1036 2823 gebraucht
1070 2759 1153 2811 ist.

351 2828 399 2876 7.
437 2827 593 2892 quasi
620 2854 690 2864 —-
714 2829 822 2890 sie,
854 2826 959 2892 vgl.
993 2825 1049 2880 Π.
1089 2829 1172 2892 22,
1210 2831 1302 2881 51:

283 2897 626 2959 tamquam-
642 2897 735 2947 sie.
794 2893 867 2946 Zu
891 2897 1218 2947 nos—alios
1239 2925 1305 2934 —

280 2962 422 3079 azias
455 2962 560 3027 vgl.
593 2961 631 3013 1.
667 2965 717 3024 9,
757 2964 844 3014 18:
889 2962 997 3027 Qui
1021 2990 1091 3001 —
1119 2963 1305 3014 alii—

281 3046 317 3079 a
359 3045 396 3080 i.

352 3098 401 3149 8.
436 3113 508 3148 ea>
541 3097 654 3149 alia
689 3101 827 3162 vita,
864 3098 972 3151 Ans
1010 3098 1185 3164 ielung
1219 3099 1311 3151 auf

283 3163 548 3232 Pythag.'s
596 3165 757 3218 Lehre
803 3181 905 3218 von
995 3181 1051 3218 er
1098 3165 1307 3219 Seelen-

282 3232 600 3300 wanderung
633 3230 1096 3302 (μετεμψύχωσις).
1154 3234 1308 3287 Hera-

281 3300 442 3353 clides
477 3300 620 3354 hatte
655 3302 763 3354 sich
794 3303 967 3369 spater
990 3301 1087 3355 den
1113 3303 1303 3372 Pytha-

282 3383 498 3435 goreern
534 3370 967 3437 angeschlossen.,

358 3440 435 3491 11.
453 3438 518 3489 id
531 3442 609 3489 eet
625 3441 767 3489 enim
786 3439 1146 3505 philosophos,
1171 3453 1213 3492 ε.
1230 3438 1307 3493 ΙΠ.

282 3508 367 3570 27,
393 3509 476 3558 65.

357 3576 435 3628 13.
473 3576 718 3626 omnibus
751 3576 969 3640 studiis,
1004 3574 1085 3626 sur
1121 3577 1309 3626 ceteris

282 3644 527 3693 omnibus
559 3643 771 3707 studiis,
808 3643 907 3695 wie
944 3641 1007 3694 ad
1041 3642 1148 3695 Att.
1183 3641 1306 3696 VIII.

286 3713 368 3764 11.
404 3708 462 3773 D,
501 3714 556 3763 5:
608 3716 788 3763 omnia
814 3714 976 3777 prius
1011 3712 1308 3763 arbitratus

278 3794 398 3829 sum
423 3775 561 3842 fore,
597 3795 759 3845 quam
781 3785 846 3830 ut
865 3808 949 3831 —.
1007 3777 1099 3830 Die
1121 3778 1308 3831 beiden

279 3845 585 3900 Ausdrueke
610 3848 1103 3916 contemplationem
1125 3862 1308 3899 rerum

1403 2012 1871 2075 cognitionemque
1917 2010 2044 2073 (ffirz
2081 2010 2425 2077 Erforschung

1402 2078 1493 2129 der
1516 2076 1694 2143 Natur)
1720 2077 1958 2130 kommen
1984 2079 2113 2130 auch
2144 2082 2289 2130 sonst
2313 2095 2427 2131 ver·

1401 2144 1609 2197 bunden
1644 2161 1761 2211 vor,
1796 2145 1901 2211 vgl.
1938 2145 2002 2197 de
2037 2144 2125 2199 fin.
2162 2145 2224 2196 V.
2260 2149 2309 2211 4,
2337 2150 2427 2200 11:

1405 2213 1565 2265 Vitae
1599 2217 1774 2264 antem
1809 2213 2080 2279 degendae
2114 2217 2258 2265 ratio
2283 2219 2427 2266 —in

1404 2281 1850 2347 contemplatione
1893 2286 1947 2331 et
1991 2285 2298 2346 cognitione
2333 2299 2429 2350 po-

1402 2352 1512 2399 sita
1538 2365 1748 2410 rerum3
1775 2348 1839 2400 de
1865 2348 1953 2400 off.
1982 2349 2017 2401 l.
2044 2352 2129 2415 43,
2155 2352 2279 2403 153:
2304 2365 2427 2415 cog-

1404 2420 1543 2468 nitio
1572 2417 2051 2483 contemplatioque
2072 2433 2270 2470 rerum.
2342 2418 2429 2471 sie

1405 2485 1745 2551 entsprechen
1779 2484 1890 2536 hier
1924 2484 2022 2536 den
2054 2484 2429 2551 vorhergehen·

1293 2580 1313 2600 .
1391 2552 1505 2604 ‘den
1533 2552 1733 2605 Verben
1767 2556 1998 2604 viserent
2030 2553 2132 2605 und
2165 2557 2430 2621 perspice-

1404 2626 1543 2673 rent.

1482 2693 1544 2739 in
1597 2691 1707 2740 vita
1752 2716 1821 2728 —
1857 2693 2168 2758 praestare,
2225 2690 2295 2741 ist
2347 2690 2429 2743 die

1404 2756 1847 2824 Denkungsweise
1882 2757 1972 2808 des
2010 2757 2197 2822 griech.
2234 2756 2429 2810 Volkes

1404 2825 1709 2893 uberhaupt,
1745 2824 1989 2877 wahrend
2020 2825 2102 2877 die
2125 2824 2312 2878 Romer
2346 2826 2429 2879 die

1405 2892 1586 2946 Praxis
1605 2893 1737 2946 hoch
1750 2893 1877 2945 iiber
1890 2893 1971 2945 die
1982 2891 2202 2946 Theorie
2214 2897 2429 2948 setzten.

1458 2967 1481 3014 1
1491 2966 1538 3014 5.
1551 2962 2245 3028 inventor—amplificator,
2257 2961 2431 3015 Subst.

1406 3035 1472 3082 st.
1507 3030 1598 3082 der
1620 3029 1807 3095 Verba,
1841 3029 1963 3082 weil
2000 3036 2163 3082 etwas
2200 3032 2433 3084 erwfihnt

1406 3098 1563 3163 wird,
1605 3113 1716 3150 was
1760 3097 1875 3149 dem
1909 3096 2066 3166 Pyth.
2104 3100 2185 3150 ein
2224 3099 2436 3151 charak·

1408 3167 1724 3218 teristiscbes
1759 3165 1992 3233 Geprage
2026 3167 2260 3220 verleiht.

1460 3250 1643 3286 rerum
1652 3262 1720 3273 -
1732 3235 2106 3300 amplificator,
2116 3235 2166 3285 in
2180 3235 2430 3287 welchem

1409 3300 1584 3366 Sinne,
1610 3301 1740 3354 wird
1763 3301 1883 3354 bald
1907 3301 2089 3354 darauf
2103 3307 2300 3368 gesagt.
2357 3303 2430 3356 Da

1409 3371 1520 3423 also
1543 3370 1865 3439 Pythagoras
1890 3370 2000 3423 sich
2024 3369 2167 3420 nicht
2189 3369 2432 3436 lediglich

1407 3438 1503 3491 mit
1542 3438 1633 3490 der
1665 3436 2165 3504 Naturbetrachtung
2199 3438 2433 3491 beschfis-

1410 3508 1555 3573 tigte‚
1580 3521 1639 3559 so
1672 3505 1858 3559 drfickt
1884 3506 1994 3557 sich
2020 3505 2195 3557 Cicero
2240 3506 2311 3558 im
2334 3507 2432 3560 fol-

1411 3575 1611 3642 genden
1632 3575 1760 3639 (Sed
1768 3577 1835 3626 ab
1854 3576 2078 3640 antiqua
2092 3574 2433 3643 philosophia

1411 3647 1529 3709 cet.)
1565 3643 1710 3694 nieht
1743 3657 1873 3710 ganz
1907 3656 2073 3708 genau
2107 3657 2214 3695 aus.

1410 3738 1424 3768 ι
1485 3714 1564 3765 17.
1596 3714 1656 3761 in
1690 3710 1920 3774 Italiam,
1957 3710 2089 3762 nach
2125 3710 2331 3767 Croton.

1482 3781 1561 3833 18.
1588 3785 1641 3830 et
1659 3782 1924 3830 institutis
1946 3783 2001 3830 et
2033 3781 2257 3833 artibus.
2308 3780 2433 3833 Dem

1409 3852 1635 3900 ersteren
1689 3847 1971 3914 entsprieht
2014 3847 2258 3915 publice,
2315 3848 2430 3901 dem

2463 1512 2504 1566 4

2471 1593 2528 1644 10
