2834 4317
357 685 417 735 28

459 153 542 209 44
1227 150 1419 203 LIBER
1454 152 1493 203 1.
1534 154 1613 215 12,
1651 154 1733 205 27.
1773 154 1855 207 28.

459 325 786 389 coluissent
816 342 930 386 nec
958 323 1201 385 violatas
1228 331 1352 384 tam
1379 322 1726 404 inexpiabili
1755 324 2045 405 religione
2104 325 2457 400 sanxissent,
2517 325 2642 388 nisi

459 413 738 475 haereret
765 410 827 470 in
860 427 1071 471 eorum
1100 409 1407 471 mentibus
1436 417 1689 470 mortem
1737 429 1861 470 non
1909 410 2218 472 interitum
2254 428 2385 472 esse
2430 410 2641 473 omnia

459 497 768 559 tollentem
797 502 976 573 atque
1006 494 1326 569 delentem,
1357 494 1463 556 sed
1488 494 1783 574 quandam
1816 496 1983 574 quasi
2016 496 2432 576 migrationem
2462 514 2636 557 com-

464 580 974 658 mutationemque
1017 580 1200 655 vitae,
1262 580 1536 660 quaein
1598 580 1772 642 claris
1827 581 1968 642 viris
2014 591 2075 642 et
2117 581 2359 643 feminis
2401 582 2522 644 dux
2566 582 2636 643 in

463 667 692 730 caelum
721 665 942 728 soleret
985 684 1133 741 esse,
1178 666 1242 727 in
1288 665 1504 727 ceteris
1546 665 1713 727 humi
1745 666 2106 728 retineretur
2151 676 2212 728 et
2237 673 2642 746 ‘permaneret

462 762 685 815 tamen.
747 751 834 812 Ex
862 752 979 812 hoc
1010 759 1069 812 et
1098 758 1447 835 nostrornm
1479 750 1765 831 opinione

931 835 1218 898 Romulus
1246 841 1311 898 in
1340 836 1491 898 caelo
1522 856 1653 898 eum
1685 837 1771 898 dis
1799 840 1920 915 aqit
1948 855 2177 912 aevum,

465 933 534 986 ut
562 924 752 984 famae
782 921 1125 983 adsentiens
1150 922 1297 983 dixit
1326 920 1582 997 EnniuS,
1628 928 1688 982 et
1721 922 1877 1002 apud
1911 921 2170 983 Graecos
2200 922 2461 1002 indeque
2490 941 2638 1005 per-

463 1009 667 1089 lapsus
697 1008 770 1069 ad
794 1026 908 1068 nos
938 1016 998 1068 et
1025 1008 1310 1087 usquead
1336 1006 1644 1086 Oceanum
1669 1005 1958 1069 Hercules
1987 1014 2190 1068 tantus
2219 1015 2281 1069 et
2307 1018 2428 1069 tam
2458 1027 2637 1088 prae-

466 1113 609 1156 sens
650 1092 900 1154 habetur
945 1091 1121 1167 deus;
1167 1093 1310 1155 hinc
1353 1092 1534 1155 Liber
1576 1092 1807 1153 Semela
1852 1101 2028 1153 natus
2072 1093 2398 1172 eademque
2440 1093 2639 1156 famae

467 1178 810 1240 celebritate
832 1177 1205 1259 Tyndaridae
1227 1179 1464 1256 fratres,
1486 1177 1737 1258 quinon
1762 1178 1941 1239 modo
1971 1177 2271 1241 adiutores
2300 1179 2361 1239 in
2385 1178 2636 1258 proeliis

531 1299 586 1349 ’1.
633 1296 924 1347 coluissent
957 1294 1291 1361 beobachtet„
1341 1294 1517 1361 abge-'

469 1368 663 1416 wartet
697 1363 894 1416 hatten.
1488 1417 1492 1421 ,

536 1432 770 1483 violatas
842 1460 906 1468 ——
941 1488 947 1493 ,
976 1434 1311 1496 sanxissent,
1389 1430 1500 1483 ihre

470 1497 799 1563 Verletzung
825 1498 919 1549 mit
941 1499 1109 1549 einem
1132 1498 1498 1550 unsfihnbaren

467 1565 662 1619 Fluche
705 1568 984 1633 verponen.
1055 1566 1156 1617 Zur
1193 1565 1381 1617 Sache:
1436 1567 1498 1618 de

472 1635 576 1701 leg.
598 1633 659 1689 ΙΙ.
688 1635 771 1697 22,
808 1648 892 1685 wo
928 1648 1032 1684 von
1068 1632 1337 1685 einzelnen
1370 1637 1501 1684 iura

469 1703 717 1755 Manium
741 1700 1115 1753 ausffihrlicher
1139 1700 1223 1753 die
1247 1699 1389 1753 Rede
1413 1702 1501 1753 ist.

538 1772 866 1835 sanxissent,
910 1772 1022 1820 nisi
1066 1771 1332 1821 haereret.
1400 1768 1503 1821 Das

472 1838 828 1905 Imperfectum
883 1837 1210 1902 conjunctivi
1266 1836 1505 1889 bezeich-

471 1911 563 1960 net
597 1906 681 1958 die
716 1906 810 1957 mit
840 1905 956 1957 dem
981 1908 1196 1957 sancire
1232 1904 1505 1972 gleichzei-

474 1976 581 2042 tige
627 1974 796 2026 Dauer
840 1973 931 2026 des
976 1976 1212 2025 haerere.
1280 1972 1504 2039 (Positiv

475 2041 845 2110 ausgedn'ickt:
869 2047 1205 2105 sanxerunt5
1227 2058 1354 2093 nam
1377 2044 1503 2093 hae-

474 2114 630 2164 rebat
652 2113 757 2176 —).
801 2110 1006 2162 Ebenso
1031 2112 1116 2174 37,
1141 2112 1231 2163 89:
1268 2113 1319 2161 si
1354 2113 1505 2161 time·

474 2184 631 2231 retur
664 2207 732 2218 —
767 2194 878 2230 non
913 2179 1245 2230 concidisset.

545 2251 596 2301 4.
623 2263 759 2313 quae
780 2249 842 2298 in
866 2247 1033 2298 claris
1054 2249 1189 2298 viris
1212 2249 1329 2311 cet„
1348 2246 1504 2299 naml.

474 2318 735 2383 migratio
757 2318 1208 2381 commutatioque
1224 2318 1385 2380 vitae,
1397 2329 1507 2367 wo·

477 2401 585 2437 von
618 2386 882 2449 migratio
917 2383 995 2436 als
1021 2382 1167 2447 Subj.
1196 2399 1261 2436 zu
1286 2384 1402 2434 dua,-
1422 2399 1507 2435 so-

483 2454 618 2505 leret
652 2469 786 2518 esse,
831 2452 1064 2518 dagegen
1099 2452 1245 2504 mehr
1278 2453 1393 2503 vita
1430 2452 1509 2503 als

481 2521 629 2587 Subj.
677 2537 742 2573 zu
776 2525 1103 2586 retineretur
1137 2519 1242 2572 und
1273 2523 1511 2585 pertine-

478 2594 566 2641 ret
597 2605 662 2642 zu
697 2589 900 2641 denken
934 2589 1020 2643 ist.
1078 2588 1148 2640 Es
1182 2587 1347 2641 findet
1379 2588 1513 2653 hier,

482 2658 583 2708 wie
643 2658 729 2708 hei
789 2661 1353 2722 zusammengesetzten
1412 2655 1512 2708 Be·

482 2722 667 2788 griffen
733 2722 870 2775 oster
921 2724 1214 2789 geschieht‚
1280 2725 1512 2777 dieselbe

486 2789 875 2857 Vertauschung
919 2790 1010 2843 der
1044 2791 1343 2857 Beziehung
1384 2796 1516 2845 statt

486 2859 587 2911 <vie
621 2858 686 2910 de
720 2857 832 2910 Div.
868 2857 903 2913 Ι.
940 2862 1033 2923 30,
1072 2860 1167 2911 62:
1206 2861 1513 2925 tranquilli·

487 2929 594 2980 tati
614 2929 807 2978 mentis
824 2930 1110 2991 quaerenti
1125 2943 1270 2992 vera,
1296 2928 1397 2980 und
1424 2928 1516 2981 der

485 3009 649 3062 ganze
658 2992 975 3046 Relativsatz
988 2994 1408 3061 korrespondiert
1422 2996 1516 3048 mit

485 3065 586 3117 den
610 3061 1065 3129 vorhergehenden
1086 3062 1301 3116 Worten
1323 3080 1515 3116 non—

486 3132 758 3184 tollentem
828 3136 992 3197 atque
1052 3132 1324 3185 delentem.
1420 3132 1515 3184 Die

485 3198 768 3255 Riicksicht
802 3199 896 3251 auf
937 3199 1023 3252 die
1057 3199 1388 3252 Konzinnitiit
1424 3201 1515 3252 hat

485 3269 570 3322 die
605 3266 910 3321 Unklarheit
946 3268 1038 3321 des
1067 3267 1366 3321 Ausdrucks
1401 3283 1517 3321 ver·

486 3338 694 3391 anlatst.
766 3334 885 3402 vgl.
936 3339 1026 3404 18,
1071 3339 1165 3390 42:
1223 3353 1384 3403 quam
1438 3344 1518 3389 ta-

485 3423 608 3458 men
645 3410 742 3458 cet.

558 3478 606 3529 5.
643 3478 697 3525 et
727 3476 1069 3539 permaneret
1105 3477 1298 3526 tamen.
1323 3470 1522 3524 Weiter

489 3541 794 3607 ausgeri'ihrt
837 3542 908 3593 ist
951 3541 1041 3593 der
1076 3539 1321 3593 Gedanke
1366 3542 1517 3606 (nach

489 3608 623 3662 Plat.
663 3608 873 3661 Phiidon
906 3625 958 3675 p.
989 3610 1082 3662 108
1104 3609 1152 3673 c)
1188 3608 1253 3660 de
1286 3624 1395 3677 rep.
1434 3608 1518 3661 Vl.

491 3680 575 3743 25,
594 3680 686 3731 29:
722 3676 865 3729 Nam
897 3691 1084 3727 eorum
1120 3680 1308 3738 animi,
1347 3680 1520 3743 quise

492 3748 737 3813 corporis
788 3744 1153 3811 voluptatibus
1199 3746 1523 3798 dediderunt

493 3829 783 3880 earumque
804 3830 861 3863 se
885 3817 1043 3880 quasi
1064 3816 1341 3867 ministros
1361 3831 1519 3882 prae·

1604 1297 1839 1346 buerunt
1852 1324 1939 1360 —,
1974 1298 2289 1361 corporibus
2324 1293 2491 1360 elapsi
2526 1299 2641 1347 cir-

1604 1378 1726 1414 cum
1749 1368 1953 1415 terram
1986 1366 2163 1430 ipsam
2194 1363 2511 1414 volutantur
2533 1380 2640 1414 nec

1603 1433 1748 1482 hunc
1769 1434 1830 1482 in
1856 1433 2031 1483 locum
2054 1431 2126 1496 (d.
2140 1432 2174 1483 i.
2194 1433 2255 1482 in
2280 1433 2504 1497 caelum)
2523 1435 2642 1482 nisi

1601 1501 1788 1551 multis
1835 1502 2108 1565 excogitati
2139 1499 2332 1551 saeclis
2352 1504 2640 1551 revertun-

1603 1572 1719 1628 tur3
1755 1571 1914 1620 unten
1951 1571 2034 1632 30,
2072 1570 2153 1620 72.

1672 1638 1720 1688 6.
1755 1636 1848 1687 Ex
1881 1638 1984 1686 hec
2018 1636 2215 1699 infolge
2251 1634 2453 1688 dessen.
2514 1634 2635 1700 Vgl.

1607 1704 1691 1766 13,
1716 1706 1807 1756 30:
1844 1720 1915 1754 ex
1949 1720 2012 1755 ea
2047 1720 2100 1758 u.
2123 1704 2186 1757 V.
2214 1706 2376 1770 6,17:
2416 1720 2487 1754 coe
2510 1719 2639 1769 quo.

1675 1774 1723 1823 7.
1767 1770 2025 1823 Romulus
2062 1778 2161 1825 cet.
2221 1770 2369 1824 SerV.
2405 1788 2468 1824 zu
2503 1770 2639 1823 Aen.

1607 1835 1806 1891 v1.·164
1832 1840 2003 1892 citiert
2022 1854 2269 1906 genauer:
2296 1839 2554 1892 Romulus
2576 1842 2642 1890 in

1609 1907 1759 2025 effeto
1796 1923 1917 1958 cum
1950 1908 2051 1959 Dis
2079 1910 2416 1973 genitalibus
2449 1922 2641 1960 aevom

1675 2045 1724 2095 9.
1772 2046 1956 2094 tantus
1978 2048 2030 2093 et
2054 2047 2168 2094 tam
2184 2059 2461 2110 praesens.
2513 2042 2645 2095 Her-

1607 2110 1751 2162 cules
1804 2109 1980 2162 wurde
2026 2110 2079 2161 in
2127 2110 2261 2163 Rom
2307 2127 2490 2177 wegen
2545 2111 2645 2163 des

1606 2178 1900 2246 machtigen
1925 2178 2191 2243 Schutzes,
2222 2178 2457 2230 welchen
2493 2195 2550 2231 er
2586 2180 2645 2231 in

1608 2247 1710 2299 den
1765 2246 2208 2313 mannigrachsten
2273 2245 2643 2313 Beziehungen

1610 2314 1895 2382 gew’dhrte,
1919 2319 2069 2367 unter
2092 2314 2499 2367 verschiedenen
2523 2314 2644 2367 Bei-

1609 2397 1796 2436 namen
1814 2383 2035 2447 verehrt,
2046 2381 2150 2434 wie
2161 2382 2422 2448 H.Victor,
2435 2383 2645 2448 CustoS,

1611 2451 1877 2516 Defensor,
1914 2450 2180 2517 Salutaris,
2213 2477 2283 2498 ==
2305 2451 2420 2503 dem
2443 2452 2641 2517 griech.

1609 2514 1684 2573 ‘E
1721 2516 2048 2580 ἀλεξίκακος.
2117 2518 2373 2584 Ubrigens
2424 2520 2492 2571 ist
2549 2519 2647 2571 der

1613 2588 1738 2641 Gott
1759 2588 1893 2640 nach
1918 2587 2009 2639 der
2032 2587 2429 2653 gewohnlichen
2453 2586 2645 2638 Erza’ih-

1613 2658 1739 2722 lung
1763 2661 1868 2708 erst
1891 2671 1996 2708 von
2020 2656 2110 2708 der
2128 2655 2265 2708 Insel
2289 2655 2530 2724 Erytheia
2555 2655 2642 2706 bei

1616 2723 1707 2776 der
1758 2724 2128 2790 phonizischen
2174 2723 2491 2776 Pssanzstadt
2539 2722 2644 2775 Ga-

1618 2792 1757 2843 deira
1781 2791 2008 2858 (Gades),
2043 2807 2128 2845 wo
2164 2807 2220 2845 er
2243 2793 2325 2844 ein
2350 2790 2647 2859 prachtiges

1617 2859 1896 2927 Heiligtum
1931 2860 2103 2923 hatte,
2146 2860 2278 2912 nach
2311 2858 2493 2912 Italien
2525 2874 2647 2911 vor·

1618 2928 1932 2995 gedrungen.
2002 2927 2120 2994 Vgl.
2157 2928 2264 2981 Liv.
2301 2928 2337 2981 l.
2375 2931 2403 2980 7
2420 2948 2434 2989 3
2489 2926 2647 2992 Verg.

1617 2999 1747 3049 Aen.
1781 2995 1905 3049 vul.
1947 2999 2046 3050 194
2068 3011 2213 3063 sqq.;
2250 2995 2395 3050 ovid.
2433 2995 2570 3048 Fast.
2605 2995 2647 3049 1.

1619 3067 1718 3117 543
1745 3081 1879 3133 sqq..
1917 3092 1987 3103 —
2042 3080 2324 3130 praesens,
2388 3079 2541 3116 causa
2594 3079 2647 3130 p.

1619 3132 1833 3185 effectu:
1870 3123 2167 3184 ‘hilfreicffi

1689 3204 1771 3253 10.
1791 3200 1970 3264 Liber,
1988 3201 2079 3253 der
2095 3200 2220 3253 Gott
2235 3198 2490 3266 Jeglicher
2501 3196 2651 3251 Folle

1619 3268 1724 3321 und
1761 3269 2089 3321 stromenden
2126 3267 2346 3335 Segens,
2379 3268 2469 3320 hat
2502 3266 2646 3319 wohl

1621 3338 1800 3389 seinen
1815 3335 2014 3389 Numen
2038 3352 2139 3389 von
2168 3332 2650 3389 derselbeanrzel

1624 3405 1855 3457 erhalten
1910 3406 2013 3457 wie
2064 3405 2156 3457 das
2199 3403 2389 3471 griech.
2426 3399 2650 3469 λείβειν.

1694 3472 1875 3525 eadem
1913 3490 1981 3525 ue
2026 3472 2209 3535 famae
2244 3473 2551 3524 celebritate
2582 3496 2652 3517 ω

1619 3544 1831 3608 pariter
1895 3557 2018 3592 ama
2052 3546 2177 3607 (von
2212 3540 2303 3593 der
2327 3539 2482 3607 Sage)
2517 3539 2650 3590 cele·

1623 3613 1825 3661 bratus.

1697 3682 1777 3732 11.
1801 3678 2079 3730 adiutores
2094 3678 2359 3728 victoriae
2382 3703 2447 3715 -
2471 3678 2654 3726 nuntii

1625 3745 2057 3813 Siegeshelfer—
2096 3744 2455 3811 Siegesboten.
2507 3741 2650 3795 Nach

1624 3813 1689 3866 de
1725 3814 1867 3867 deor.
1906 3830 1955 3867 n.
1977 3812 2035 3868 11.
2061 3815 2109 3880 2,
2136 3816 2168 3866 6
2191 3830 2241 3866 u.
2267 3811 2346 3867 111.
2372 3816 2421 3879 5,
2448 3813 2650 3866 11-13

2697 683 2738 732 5

2698 1108 2780 1157 10
