2834 4317
918 183 1110 237 unna
1142 183 1205 237 v,
1245 187 1325 252 12,
1343 188 1426 239 37.
1467 189 1547 254 13,
1566 188 1646 240 as.

2235 186 2355 246 123

202 344 362 418 viro'
399 356 596 435 inquit
620 349 717 417 ‘ex
739 375 803 418 se
828 357 957 436 ipso
982 366 1117 436 apta
1148 366 1290 420 sunt
1318 358 1535 434 omnia,
1567 377 1719 438 quae
1750 360 1821 421 ad
1852 359 2022 421 beate
2044 359 2357 421 vivendum

202 444 440 516 ferunt,
488 460 598 504 nec
632 461 919 522 suspensa
950 441 1199 504 aliorum
1239 452 1340 504 aut
1378 443 1541 510 bono
1579 462 1718 507 casu
1747 452 1849 507 aut
1877 445 2175 507 contrario
2206 464 2355 525 pen-

207 528 351 588 dere
383 546 415 588 e
483 527 727 590 alterius
755 528 981 589 eventis
1100 547 1301 590 errare
1332 537 1660 609 coguntur,
1704 530 1843 592 huic
1873 530 2094 611 optime
2123 530 2354 592 vivendi

205 612 358 674 ratio
403 536 1070 704 afflarffi‘bsffflss
1099 621 1191 676 est
1218 614 1316 675 ille
1346 615 1712 689 moderatus,
1757 615 1854 676 hic
1883 616 2087 690 fortis,
2133 615 2230 676 hic
2258 634 2352 677 sa-

128 709 160 757 5
204 698 409 778 piens,
453 698 548 759 bic
579 705 638 759 et
668 698 1050 760 nascentibus
1081 707 1141 759 et
1183 699 1531 761 cadentibus
1561 718 1696 761 cum
1727 700 1973 779 reliquis
2003 700 2352 774 commodiS,

203 794 334 844 tum
357 783 609 844 maxime
633 783 850 857 liberis,
883 782 1116 863 parebit
1139 792 1198 845 et
1227 784 1504 845 oboediet
1529 793 1849 864 praecepto
1880 785 1964 846 ilii
1994 785 2211 860 veteri3
2242 804 2350 846 ne-

204 886 324 947 que
347 868 507 931 enim
531 868 841 930 laetabitur
865 887 1145 948 umquam
1170 888 1283 931 nec
1305 869 1596 931 maerebit
1616 870 1811 945 nimis,
1844 871 2003 949 quod
2028 889 2265 950 semper
2286 870 2349 931 in

202 972 267 1015 se
310 953 437 1033 ipse
480 972 719 1015 omnem
748 973 917 1033 spem
938 963 1193 1034 reponet
1221 953 1355 1016 sui.'
1420 955 1511 1016 Ex
1540 956 1655 1017 hoc
1685 955 1867 1034 igitur
1895 955 2158 1017 Platonis
2188 956 2354 1034 quasi
2397 965 2456 1017 87
2599 959 2655 1064 10

205 1038 461 1117 quodam
494 1047 699 1101 sancto
732 1049 1100 1119 augustoque
1131 1041 1298 1101 fonte
1331 1049 1535 1102 nostra
1567 1041 1761 1102 omnis
1791 1040 2053 1102 manabit
2085 1040 2292 1102 oratio.

100 1129 162 1184 1ο
379 1122 545 1186 Unde
585 1125 765 1202 igitur
806 1124 988 1186 ordiri
1018 1125 1237 1186 rectius
1265 1144 1584 1205 possumus
1613 1143 1789 1204 quam
1830 1144 1863 1186 a
1908 1126 2211 1187 communi
2238 1144 2345 1206 pa·
2379 1132 2454 1188 13

201 1217 375 1269 rente
419 1207 673 1272 natura?
730 1227 880 1288 quae
931 1210 1211 1289 quicquid
1253 1210 1492 1290 genuit,
1554 1229 1675 1271 non
1721 1211 1897 1272 modo
1940 1211 2188 1286 animal,
2247 1209 2351 1271 sed

202 1294 377 1355 etiam
423 1294 580 1373 quod
623 1295 703 1355 ita
743 1303 942 1356 ortum
984 1303 1140 1357 esset
1177 1314 1210 1356 e
1252 1302 1407 1356 terra
1424 1342 1440 1371 ,
1483 1304 1551 1356 ut
1580 1295 1863 1375 stirpibus
1891 1296 2014 1358 suis
2044 1296 2351 1370 niteretur,

201 1379 265 1439 in
311 1398 420 1440 suo
452 1380 711 1459 quidque
738 1398 958 1459 genere
988 1380 1323 1460 perfectum
1355 1399 1485 1443 esse
1514 1380 1715 1442 voluit.
1781 1380 1986 1459 Itaque
2017 1389 2075 1441 et
2105 1381 2350 1441 arbores

203 1472 265 1524 et
285 1463 431 1526 vites
462 1473 522 1526 et
551 1483 634 1539 ea,
665 1483 818 1544 quae
848 1473 992 1527 sunt
1018 1465 1333 1544 humiliora
1363 1485 1561 1545 neque
1590 1484 1654 1527 se
1683 1466 1891 1527 tollere
1921 1484 1954 1526 a
1985 1474 2144 1528 terra
2175 1465 2349 1527 altius

95 1558 155 1611 15
198 1559 484 1629 possunt,
527 1550 635 1612 alia
681 1569 916 1629 semper
944 1550 1166 1626 virent,
1208 1551 1317 1611 alia
1345 1551 1539 1612 hieme
1570 1551 1820 1626 nudata,
1863 1569 2049 1612 verno
2077 1558 2348 1630 tempore

199 1636 492 1714 tepefacta
521 1636 931 1709 frondescunt,
976 1654 1174 1715 neque
1218 1645 1308 1697 est
1338 1637 1544 1710 ullum,
1576 1636 1733 1715 quod
1765 1655 1889 1697 non
1921 1637 2000 1697 ita
2032 1636 2220 1715 vigeat
2247 1635 2343 1696 in-

196 1720 420 1781 teriore
461 1720 714 1799 quodam
758 1730 925 1782 motu
970 1729 1030 1782 et
1071 1721 1194 1783 suis
1237 1721 1300 1783 in
1334 1740 1574 1800 quoque
1603 1720 1930 1783 seminibus
1959 1721 2237 1795 inclusis,
2282 1729 2348 1781 ut

200 1812 304 1865 aut
344 1805 523 1867 flores
562 1814 664 1867 aut
703 1807 908 1883 fruges
945 1806 1157 1867 fundat
1197 1814 1298 1867 aut
1339 1807 1539 1882 bacaS,
1584 1807 1900 1885 omniaque
1955 1807 2014 1867 in
2049 1806 2346 1879 omnibus,

199 1898 489 1968 quantum
535 1890 596 1952 in
629 1890 771 1969 ipsis
808 1891 912 1965 sit,
950 1890 1113 1952 nulla
1152 1891 1209 1952 vi
1249 1892 1610 1971 impediente
1655 1892 1915 1971 perfecta
1957 1891 2097 1954 sint.
2184 1890 2352 1952 Faci-
2396 1901 2451 1952 38

92 1985 152 2036 20
194 1974 312 2036 lius
340 1994 479 2036 vero
523 1975 695 2037 etiam
739 1976 801 2036 in
844 1975 1078 2052 bestiis,
1133 1977 1293 2055 quod
1323 1978 1395 2039 iis
1425 1996 1637 2039 sensus
1681 1995 1714 2037 a
1755 1985 1963 2039 natura
2016 1983 2105 2039 est
2157 1977 2347 2050 datuS,

1318 2095 1426 2147 lich
1459 2095 1552 2157 ist,
1597 2107 1704 2145 was
1739 2094 2100 2160 naturgemfisS,
2138 2094 2185 2147 d.
2222 2096 2256 2148 i.
2293 2096 2347 2148 in

1320 2164 1489 2215 seiner
1514 2163 1609 2215 Art
1632 2161 1981 2214 vollkommen
2007 2163 2090 2214 ist.
2144 2161 2216 2214 Da
2243 2179 2347 2216 nun

1320 2229 1411 2310 das
1435 2229 1823 2296 Naturgemiisse
1847 2230 1928 2282 fur
1951 2230 2050 2282 den
2068 2228 2346 2283 Menscben

2465 799 2582 822 μ’

194 2096 290 2145 καὶ
335 2087 620 2176 φρόνιμος·
673 2108 828 2145 ουτος
876 2095 1218 2164 γιγνομένων

195 2158 497 2229 χρημάτων
539 2164 632 2212 καὶ
684 2157 905 2214 παίδων
956 2165 1048 2212 καὶ
1100 2157 1218 2212 δια·-

197 2228 608 2312 φθειρομένων
613 2225 852 2312 μάλιστα
873 2234 1124 2282 πείσεται
1132 2229 1216 2311 τῇ

193 2301 528 2446 ᾖαέἵξῖἔῖ..
544 2293 1072 2436 Ἕῖῑέαὲαέἷίρέζ.
1090 2294 1218 2416 ⁰²33

191 2430 260 2485 τὸ
297 2428 450 2497 αυτῷ
487 2432 842 2486 πεποιθέναι.

268 2505 312 2555 1.
350 2517 420 2551 σω
451 2518 506 2553 se
537 2505 653 2567 ipso
690 2507 841 2567 apta:
880 2497 1036 2554 wem
1085 2502 1216 2553 alles

190 2585 299 2621 von
333 2569 438 2621 ihm
471 2569 633 2623 selbst
657 2570 914 2636 abhangig
946 2561 1050 2635 ist'‚
1085 2583 1126 2621 ε.
1152 2585 1216 2622 ιιι

190 2636 279 2689 IV.
303 2641 383 2702 17,
405 2639 486 2691 38.
532 2639 706 2704 Aptus
741 2639 792 2689 in
829 2637 1023 2690 diesem
1061 2637 1217 2690 Sinne

192 2706 248 2758 in
285 2706 377 2757 der
409 2704 569 2772 Regel
603 2706 697 2757 mit
731 2722 824 2771 σω,
866 2722 908 2760 s.
946 2709 1028 2770 21,
1066 2707 1131 2758 62
1168 2722 1217 2758 ιι.

196 2776 282 2837 25,
304 2776 390 2835 703
429 2773 559 2825 doch
585 2774 719 2826 ohne
744 2773 825 2826 die
851 2773 1000 2841 Prfip.
1029 2777 1110 2838 11,
1136 2776 1217 2826 40.

267 2844 317 2894 2.
377 2857 474 2893 nec
518 2858 773 2908 suspensa
822 2845 919 2893 cet.
991 2840 1108 2908 Vgl.
1154 2841 1219 2894 ad

197 2909 399 2962 famv.
432 2911 586 2973 13,1:
621 2926 732 2961 non
756 2910 973 2961 aliunde
988 2910 1220 2976 pendere

195 2995 297 3029 nec
330 2981 664 3030 eoetrinsecus
691 2984 788 3029 aut
811 2981 939 3029 bene
962 2982 1059 3029 aut
1082 2978 1220 3029 male

196 3047 413 3097 vivendi
434 3062 714 3113 suspensas
751 3049 943 3098 habere
964 3048 1219 3100 rationes.

197 3102 648 3167 Ahnliehobennl.
663 3118 743 3176 17,
755 3116 838 3167 37.
852 3114 1218 3178 Quae(virtus)

197 3185 249 3233 si
284 3186 616 3234 extrinsecus
649 3183 884 3248 religata
916 3183 1162 3248 pendeat.

269 3253 316 3304 6.
348 3252 564 3317 parebit
603 3257 656 3302 et
704 3251 965 3303 oboediet·
1017 3253 1078 3301 ἓν
1121 3246 1215 3301 διὰ

198 3313 375 3379 δυοῖνς
394 3323 703 3386 praecepto,
742 3320 842 3371 wie
868 3334 960 3370 aus
980 3318 1094 3370 dem
1121 3318 1218 3370 fol-

197 3386 401 3453 geoden
437 3387 770 3454 hervorgeht·
807 3382 980 3453 μηδὲν
1013 3383 1170 3457 ἄγαν.

269 3456 316 3508 8.
352 3459 481 3521 ipse,
517 3472 558 3508 s.
597 3471 660 3507 zu
696 3455 778 3507 lv,
819 3459 900 3520 17,
928 3457 1010 3510 37.

269 3526 348 3577 10.
371 3524 593 3578 Unde—
608 3540 905 3590 possumus,
929 3539 1015 3575 um
1041 3539 1103 3575 zu
1128 3522 1217 3574 be-

195 3592 411 3657 weisen‚
449 3593 658 3643 beatam
681 3596 848 3644 vitam
870 3594 931 3643 in
966 3607 1075 3642 una
1110 3595 1219 3641 vir·-

198 3663 314 3709 tate
342 3662 580 3726 positam
604 3677 730 3712 esse.
777 3659 1216 3726 Gedankengang:

189 3720 333 3779 ‘Alle
359 3726 650 3795 Geschopse
687 3728 800 3782 sind
836 3744 925 3780 zur
959 3726 1221 3780 vollkom-

197 3811 383 3848 menen
421 3795 722 3864 Entfaltung
761 3796 898 3848 ihres
937 3796 1219 3862 eigentiim-

195 3864 367 3916 lichen
382 3863 598 3917 Wesens
612 3865 891 3928 bestimmt,
916 3865 1022 3917 und
1041 3864 1220 3931 gluck-

1320 2298 1370 2349 in
1409 2297 1499 2350 der
1532 2297 1857 2364 Ausbildung
1892 2299 2059 2350 seiner
2093 2296 2371 2351 vernunst·

1318 2364 2347 2432 bestehtunddieVollendungderselben

1319 2434 1538 2501 Tugend
1561 2438 1788 2501 genennt
1813 2433 1957 2499 vird,
1983 2449 2042 2486 so
2068 2434 2241 2486 macht
2263 2434 2347 2487 die

1321 2501 1537 2569 Tugend
1585 2501 1685 2553 den
1720 2472 1998 2554 Menscben
2041 2493 2344 2568 glucklich'.

1319 2569 1438 2637 Vgl.
1475 2568 1759 2623 ausserdem
1789 2586 1853 2622 zu
1877 2569 1934 2623 Π.
1966 2572 2044 2636 18,
2069 2572 2161 2623 42:
2203 2570 2349 2624 Unde

1318 2641 1494 2704 igitur
1529 2639 1751 2690 ordiar?

1392 2709 1472 2760 12.
1499 2706 1643 2774 quod
1657 2734 1726 2744 -
1743 2707 2033 2759 niteretur:
2058 2704 2348 2758 Umscbrei-

1318 2776 1463 2842 hung
1508 2776 1600 2826 des
1647 2774 1718 2825 im
1752 2774 1862 2826 Lat.
1907 2773 2179 2826 feblenden
2214 2773 2347 2827 Aus-

1322 2842 1511 2904 drucks
1547 2843 1629 2894 fiir
1662 2857 1839 2894 unser:
1877 2841 2273 2895 Pflanzenreicb.

1396 2914 1476 2964 13.
1502 2915 1556 2961 et
1578 2913 1796 2962 arbores
1814 2939 1882 2968 -,-
1898 2915 1950 2961 et
1973 2927 2037 2962 ea
2069 2909 2172 2963 und
2197 2910 2354 2963 nach-

1322 2979 1414 3032 her
1450 2981 1644 3031 alia—
1665 2980 1792 3043 alia,
1828 2978 1930 3030 wie
1966 2978 2029 3031 de
2064 2979 2203 3032 deor.
2238 2994 2289 3030 n.
2313 2979 2351 3035 1.

1323 3050 1408 3110 31,
1435 3050 1528 3101 87.
1558 3047 1803 3112 Quinque
1826 3047 2026 3110 stellae,
2063 3047 2206 3099 aliae
2222 3064 2352 3114 pro-

1319 3119 1446 3183 pius
1469 3133 1502 3166 a
1524 3118 1700 3179 terris,
1718 3115 1861 3166 aliae
1878 3117 2151 3182 remotius,
2170 3115 2353 3167 eadem

1321 3185 1501 3249 spatia
1527 3184 1836 3245 conficiunt.
1873 3182 1990 3250 Vgl.
2010 3199 2075 3234 zu
2098 3154 2151 3236 L
2158 3186 2238 3249 10,
2261 3185 2348 3237 18:

1323 3252 1432 3316 Qui
1466 3255 1761 3302 censent—
1780 3250 1962 3301 alii—
1981 3252 2097 3303 alii.

1393 3323 1471 3373 18.
1509 3320 1698 3403 fruges
1728 3311 1962 3380 fundat‘
1970 3318 2211 3370 reichlicb
2238 3318 2351 3370 her-

1317 3379 1672 3454 vorbringen',
1712 3387 1988 3439 mehrmals
2023 3385 2107 3438 bei
2144 3386 2347 3448 Cicer03

1319 3460 1451 3508 baca
1471 3427 1715 3516 bedentet
1733 3456 1815 3507 bei
1828 3455 1934 3506 ihm
1952 3469 2047 3505 nur
2066 3452 2149 3505 die
2162 3452 2349 3505 Baum-
2353 3514 2358 3519 ,

1318 3526 1507 3591 frucht,
1544 3524 1646 3591 vgl.
1681 3524 1718 3576 1.
1757 3526 1835 3586 14,
1861 3525 1943 3575 31.

1391 3596 1759 3658 omniaque—
1777 3561 1929 3642 ci’t—
1943 3587 2185 3656 perfecta
2221 3591 2347 3653 sint,

1322 3661 1405 3714 ein
1448 3660 1607 3713 durch
1643 3605 1980 3712 Attraktionp
1983 3673 2049 3709 an
2095 3657 2186 3710 das
2231 3673 2351 3711 vor-

1320 3727 1648 3795 hergehende
1671 3726 1874 3790 fundat
1908 3725 2349 3793 herbeigeffihrtes

1320 3797 1634 3861 Anakoluth,
1670 3799 1798 3848 statt
1821 3823 1892 3834 —
1915 3799 2075 3845 σει-
2095 3800 2239 3846 sunt.

1392 3869 1473 3919 20.
1512 3868 1671 3916 eliam
1706 3864 1890 3930 gebort
1925 3878 1989 3915 zu
2026 3861 2260 3925 facilius.
