2834 4317
18 1109 176 1194 ¹10

1023 186 1213 240 Lmen
1248 189 1283 242 1.
1323 191 1371 255 8,
1415 194 1490 242 15.
1533 193 1611 242 16.
2315 191 2393 249 35

222 359 572 434 decursum,
606 358 756 420 nihil
787 360 864 420 sit
891 371 1199 439 praeterea
1230 362 1756 423 extimescendum.
1817 361 1934 423 Sed
1961 370 2025 423 tu
2058 362 2204 424 mihi
2235 364 2397 426 vide-

222 445 315 505 ris
346 444 708 524 Epicharmi,
755 446 910 505 acuti
958 464 1072 506 nec
1116 446 1326 507 insulsi
1369 447 1647 519 hominis,
1694 456 1760 508 ut
1789 447 1991 520 Siculi,
2035 449 2395 510 sententiam

222 530 424 609 sequi.
484 530 550 591 A.
586 527 827 601 Quam?
860 549 984 591 non
1018 532 1176 591 enim
1210 532 1366 592 novi.
1442 531 1525 593 M.
1557 533 1779 605 Dicam,
1810 533 1860 593 si
1888 542 2119 613 potero,
2150 533 2392 608 Latine;

222 615 347 676 scis
378 616 558 686 enim,
590 633 685 675 me
718 614 942 677 Graece
987 615 1151 694 loqui
1197 617 1259 677 in
1290 616 1504 679 Latino
1549 636 1827 679 sermone
1875 636 1998 679 non
2035 618 2172 697 plus
2200 620 2394 681 solere

224 717 407 778 quam
443 701 507 761 in
539 699 766 761 Graeco
798 701 1028 762 Latine.
1090 702 1158 762 A.
1189 700 1265 762 Et
1296 711 1459 763 recte
1490 703 1750 780 quidem.
1810 703 1927 764 Sed
1957 721 2111 781 quae
2152 705 2395 765 tandem

222 793 320 848 est
348 784 690 865 Epicharmi
721 786 832 847 ista
862 784 1203 847 sententia?
1248 787 1330 848 M.

528 851 736 932 Emori
749 870 895 933 -ηοῑό
926 872 1024 932 sed
1048 890 1139 932 mc
1166 890 1281 934 esse
1307 875 1604 934 mortuum
1632 872 1811 934 nihili
1835 874 2096 935 aestimo.

219 958 292 1018 A.
327 957 448 1017 Iam
481 957 781 1035 adgnosco
816 956 1125 1018 Graecum.
1188 958 1304 1019 Sed
1348 958 1633 1036 quoniam
1682 958 1930 1037 coegisti
1981 966 2049 1018 ut
2100 959 2394 1020 concede-

220 1060 374 1116 rem,
408 1041 513 1120 qui
542 1042 764 1102 mortui
809 1052 1031 1116 essent,
1075 1062 1178 1104 eos
1218 1043 1468 1105 miseros
1499 1062 1624 1104 non
1657 1061 1804 1116 esse,
1849 1043 2088 1122 perfice,
2120 1043 2170 1104 si
2198 1052 2390 1123 poteS‚

221 1137 292 1188 ut
337 1145 417 1188 ne
461 1128 835 1189 moriendum
885 1128 1123 1206 quidem
1169 1147 1297 1190 esse
1340 1129 1624 1190 miserum
1668 1137 1893 1207 putem.
1956 1127 2039 1188 Μ.
2072 1127 2193 1189 lam
2238 1129 2390 1190 istuc

223 1212 467 1291 quidem
499 1212 647 1274 nihil
679 1212 904 1291 negotii
949 1221 1058 1289 est,
1104 1214 1206 1275 sed
1238 1214 1464 1274 maiora
1505 1212 1741 1273 molior.
1803 1214 1869 1274 A.
1902 1212 2035 1284 Quo
2066 1214 2242 1274 modo
2273 1214 2389 1274 hoc

223 1297 376 1359 nihil
409 1297 633 1377 negotii
664 1295 798 1359 est?
842 1305 946 1359 aut
990 1316 1142 1377 quae
1185 1309 1328 1359 sunt
1365 1297 1608 1359 tandem
1636 1298 1748 1358 ista
1778 1295 2044 1358 maiora?
2105 1296 2186 1358 M.
2219 1297 2388 1372 Quia,

224 1384 513 1461 quoniam
544 1393 682 1463 post
723 1393 977 1444 mortem
1006 1383 1145 1443 mali
1188 1383 1337 1444 nihil
1378 1393 1488 1458 est,
1534 1402 1612 1443 ne
1654 1401 1816 1443 mors
1861 1381 2102 1461 quidem
2144 1390 2234 1443 est
2261 1402 2389 1444 ma-

224 1468 370 1541 lum,
418 1470 513 1529 cui
556 1485 917 1548 proxumum
960 1478 1198 1547 tempus
1229 1477 1317 1529 est
1344 1477 1484 1548 post
1513 1477 1786 1541 mortem,
1830 1467 1891 1527 in
1928 1485 2046 1545 quo
2079 1467 2212 1535 mali
2243 1468 2391 1537 nihil

1363 1603 1482 1656 falls
1515 1602 1892 1656 verstiimmelt.
1951 1602 2020 1653 Es
2058 1617 2168 1654 war
2205 1603 2388 1669 gewiss

223 1608 525 1656 viveremus
548 1607 782 1669 contigit
802 1603 928 1656 oder
963 1605 1109 1669 quod
1140 1607 1260 1655 nati

1360 1672 1492 1724 auch
1518 1673 1600 1723 ein
1620 1670 1957 1733 Tetrameter,
1982 1671 2082 1722 den
2103 1685 2238 1735 man,
2256 1671 2388 1722 nach

222 1689 424 1725 sumus.
499 1672 613 1738 Vgl.
641 1676 690 1737 5,
716 1674 766 1724 9.

291 1742 510 1793 calcem.
568 1741 641 1793 lm
681 1740 857 1792 Circus
892 1753 958 1789 zu
992 1736 1123 1791 Rom
1149 1753 1259 1791 war

221 1809 314 1861 das
359 1807 568 1860 Endziel
617 1809 707 1860 der
756 1807 1039 1859 Rennhahn
1085 1807 1259 1859 sriiher

222 1877 384 1929 durch
403 1876 537 1929 Kalk
560 1877 746 1942 (calx),
772 1876 873 1927 wie
899 1876 1072 1943 spiter
1096 1874 1257 1928 durch

221 1945 412 1997 Kreide
447 1947 664 2012 (creta),
702 1944 1021 1996 bezeichnet.
1091 1942 1259 1995 Dnher

223 2013 307 2066 die
332 2013 587 2066 Phrasen:
637 2014 713 2066 ad
746 2013 944 2064 calcem
975 2016 1259 2078 pervenire

111 2080 115 2083 ’
222 2083 383 2149 (Lael.
412 2085 495 2147 27,
523 2085 662 2146 101),
687 2082 761 2132 ad
785 2097 1029 2133 carceres
1053 2098 1086 2131 a
1111 2081 1257 2132 ealce

220 2167 470 2272 3120533
480 2147 1256 2284 .2?3{.}¹.·1.{{2123'.2.305{}2

221 2288 300 2344 ΙΙΙ.
324 2292 369 2351 1,
391 2291 440 2340 2.
509 2287 584 2339 Zu
614 2287 690 2338 ad
716 2301 877 2353 quam
904 2301 1023 2335 cum
1051 2289 1126 2335 sit
1146 2286 1254 2337 doc.

223 2372 265 2410 s.
285 2360 370 2418 49,
387 2358 512 2410 118:
538 2356 685 2422 quod
706 2370 827 2406 cum
849 2354 1255 2405 exanclavisset.

293 2429 342 2478 2.
384 2424 718 2489 Epicharmi.
773 2423 839 2475 Er
875 2437 982 2473 wer
1005 2436 1145 2472 zwar
1168 2422 1260 2473 ans

223 2493 326 2545 Cos
362 2493 606 2559 geboren,
642 2491 774 2544 doch
812 2490 974 2543 schon
1010 2489 1086 2540 als
1122 2488 1255 2540 Kind

222 2561 358 2613 nach
379 2560 588 2613 Sicilien
607 2559 934 2627 gekommen,
952 2557 1057 2609 und
1076 2557 1254 2609 blubte

220 2647 309 2683 nrn
346 2631 448 2683 480
486 2630 563 2681 uls
591 2628 807 2698 pythag.
832 2626 1116 2692 Philosoph
1151 2625 1255 2677 und

223 2699 438 2750 iltester
488 2696 698 2748 Dichter
754 2696 847 2748 der
901 2693 1253 2762 griechischen

222 2765 493 2819 Komodie.

291 2839 359 2885 ut
392 2834 525 2900 (hier
546 2830 902 2898 begrfindend)
927 2830 1116 2893 Siculi,
1154 2829 1254 2880 wie

220 2918 329 2955 von
364 2903 532 2954 einern
559 2898 768 2951 Sikuler
792 2915 856 2951 zu
892 2904 1141 2950 erwarten
1169 2898 1254 2948 ist.

224 2970 342 3037 Vgl.
366 2972 453 3033 43,
485 2973 607 3052 104:
652 2968 949 3050 Diogenes,
991 2971 1055 3017 ul
1092 2965 1252 3032 Cyni-

219 3055 319 3147 Y
325 3054 458 3158 125?
450 3054 588 3156 w⁰t²
601 3036 1254 3155 ‘3.3²‘s⁸{315132⁸'2.³3'53“2²}3;

221 3191 325 3228 von
361 3175 540 3226 Cicero
576 3171 826 3236 erwfihnt‚
861 3186 909 3222 ι.
927 3170 985 3223 Β.
1020 3171 1074 3221 in
1110 3168 1253 3221 Verr.

218 3243 304 3296 lv,
331 3245 416 3310 43,
442 3246 535 3295 95:
592 3240 899 3307 Numquam
953 3243 1064 3289 tam
1113 3238 1254 3289 male

220 3318 301 3363 est
334 3311 552 3373 Siculis,
589 3312 722 3376 quin
757 3307 971 3373 aliquid
1003 3305 1179 3367 facete
1201 3311 1256 3357 et

220 3380 493 3433 commode
527 3381 728 3430 dicant.

288 3454 339 3502 4.
393 3464 504 3498 non
550 3448 677 3513 plus
728 3473 792 3483 -
848 3459 1012 3509 quam
1058 3444 1252 3494 ebenso

218 3517 398 3583 wenig
422 3517 527 3577 als;
564 3515 668 3582 vgl.
691 3513 770 3568 111.
795 3517 845 3578 5,
873 3515 961 3564 10:
996 3527 1107 3562 non
1139 3527 1252 3561 ma-

213 3589 308 3651 gis
342 3613 411 3623 -
448 3599 625 3651 quam.

291 3658 341 3706 7.
384 3653 580 3704 Emori
612 3655 710 3703 cet.
750 3650 893 3703 Sext.
918 3647 1108 3713 Empir.
1134 3647 1253 3699 adv.

219 3722 380 3775 math.
416 3721 451 3774 1.
490 3721 524 3788 ξ
548 3722 649 3773 273
685 3720 830 3786 giebt
866 3717 964 3769 den
995 3715 1123 3767 Vers
1159 3715 1251 3766 des

219 3790 558 3858 Epicharmus
604 3802 689 3840 so:
738 3785 1061 3838 ἀποθανεῖν
1094 3786 1127 3851 ἢ
1165 3801 1248 3844 τε,-

222 3859 441 3912 &vavae
483 3860 550 3909 οὔ
589 3876 687 3922 μοι
741 3852 1017 3924 διαφέρει,
1064 3851 1251 3917 jeden-

1358 1754 1573 1792 unserer
1627 1739 1819 1806 stelle,
1878 1739 1970 1791 auf
2021 1737 2388 1790 verschiedene

1359 1807 1537 1859 Weise
1556 1809 1768 1873 ergiinzt
1785 1809 1892 1859 hut.
1929 1805 2226 1874 H.Sauppe:
2249 1808 2386 1858 ἀπο-

1361 1875 1568 1928 θανεῖν
1589 1878 1687 1941 οὐχ
1710 1871 1945 1927 ἁνδάνει
1962 1889 2086 1941 μοι·
2112 1874 2389 1928 τεθνάναι

1362 1940 1424 1994 δ’
1461 1947 1525 1996 οὐ
1565 1939 1829 2013 διαφέρει.

1428 2015 1477 2064 8.
1529 2013 1801 2077 adgnosco
1854 2010 2125 2063 bedentetz
2176 2010 2259 2063 ich
2312 2025 2389 2061 er·

1359 2079 1530 2133 kenne
1565 2089 1729 2132 etwas
1775 2095 1838 2131 an
1885 2080 1962 2130 als
2008 2079 2128 2143 das,
2174 2094 2284 2130 was
2330 2093 2387 2130 es

1357 2149 1430 2200 ist
1467 2148 1592 2201 oder
1615 2149 1726 2200 sein
1751 2147 1869 2212 soll,
1905 2148 1953 2198 d.
1975 2147 2025 2200 h.
2051 2147 2136 2199 ich
2161 2146 2387 2198 erkenne

1360 2223 1526 2268 etwas
1583 2218 1639 2267 in
1698 2218 1894 2268 seinem
1950 2215 2384 2282 eigentiimlichen

1357 2283 1578 2347 Wesen,
1624 2285 1724 2336 wie
1759 2286 1854 2346 48,
1894 2287 2018 2348 116,
2064 2284 2189 2335 oder
2226 2284 2384 2335 auch:

1357 2352 1444 2404 ich
1470 2351 1697 2404 erkenne
1720 2352 1932 2415 wieder,
1970 2366 2077 2402 was
2103 2351 2186 2403 ich
2211 2351 2387 2403 frfiher

1359 2420 1587 2485 gekannt
1615 2419 1761 2483 habe,
1789 2417 1962 2470 werde
1985 2419 2123 2481 inne,
2148 2419 2250 2470 wie
2273 2418 2385 2469 hier

1358 2488 1461 2539 und
1499 2490 1583 2552 24,
1621 2490 1688 2539 58
1729 2501 1793 2537 an
1833 2487 2048 2538 zweiter
2083 2484 2261 2549 Stelle,
2300 2501 2383 2535 wo

1355 2555 1747 2610 reminiscendo
1793 2554 1922 2606 auch
1971 2552 2211 2604 entbehrt
2255 2567 2385 2603 wer-

1356 2625 1458 2677 den
1496 2624 1714 2684 konnte3
1753 2623 1945 2673 ebenso
1982 2621 2041 2673 11.
2082 2624 2162 2686 11,
2199 2622 2281 2674 26.

1428 2696 1653 2758 coegisti
1659 2696 1723 2742 ul
1735 2691 2101 2750 concederem3
2128 2690 2232 2755 vgl.
2247 2689 2281 2756 ξ
2296 2692 2356 2741 16
2369 2707 2384 2738 :

1355 2766 1423 2811 ut
1453 2761 1729 2824 confitear.
1797 2758 1939 2810 Doch
1975 2757 2246 2811 verbindet
2280 2757 2385 2810 Cic.

1357 2844 1550 2895 eogere
1559 2828 1664 2880 viel
1683 2827 1914 2893 hfiufiger
1933 2829 2026 2878 mit
2044 2826 2159 2878 dem
2181 2826 2385 2878 blossen

1355 2897 1449 2949 lns.
1486 2899 1565 2948 als
1602 2898 1696 2948 mit
1729 2901 1808 2950 ut.

1430 2968 1509 3018 13.
1522 2970 1650 3030 post
1669 2970 1893 3016 mortem
1911 2963 2095 3029 gehort
2112 2962 2382 3013 attributiv

1356 3049 1422 3086 zu
1459 3038 1689 3099 tempus:
1738 3047 1803 3083 an
1840 3032 1936 3083 den
1974 3030 2086 3082 sich
2121 3029 2204 3081 die
2239 3029 2384 3082 Zeit

1356 3102 1517 3153 nach
1564 3099 1703 3152 dem
1739 3099 2015 3151 Sterben
2052 3099 2384 3150 unmittelbar

1356 3169 1686 3229 anschlietst;
1739 3167 1844 3233 vgl.
1888 3170 1972 3231 40,
2008 3169 2100 3219 972
2153 3169 2215 3217 in
2261 3169 2381 3231 ipsa

1354 3241 1543 3291 morte.
1613 3235 1789 3287 Dieser
1832 3251 1896 3287 an
1946 3235 2057 3286 sich
2092 3234 2235 3286 nicht
2268 3239 2383 3285 not-

1357 3305 1594 3370 wendige
1623 3304 1809 3355 Zusatz
1845 3304 1915 3355 ist
1949 3302 2185 3354 dennoch
2220 3300 2380 3353 durch

1354 3373 1439 3426 die
1472 3375 1525 3426 in
1565 3372 1654 3424 der
1687 3371 2141 3439 philosophischen
2177 3367 2382 3421 Deduk-

1353 3443 1465 3495 tion
1500 3439 1751 3493 erstrebte
1774 3437 2117 3504 Genauigkeit
2149 3438 2380 3503 gerecht-

1355 3510 1546 3576 fertigt.
1580 3537 1645 3547 --
1678 3507 1771 3560 Die
1796 3508 1983 3559 zweite
2006 3505 2170 3573 Fruge
2195 3511 2293 3557 aut
2313 3534 2381 3544 —-

1352 3581 1604 3630 maiora?
1632 3576 1796 3628 bleibt
1820 3576 2070 3627 zunfichst
2093 3574 2380 3626 unberiick-

1354 3647 1507 3699 sichti
1569 3682 1583 3697 .

1429 3651 1589 3769 14.gitn
1611 3729 1716 3779 quo
1740 3714 2031 3777 (tempore).
2057 3710 2150 3762 Die
2168 3708 2378 3775 Priipos.

1353 3784 1509 3846 steht,
1546 3782 1668 3832 weil
1704 3780 1787 3831 die
1812 3779 1977 3831 Dauer
2012 3778 2255 3829 wiihrend
2290 3776 2380 3827 der

1355 3866 1552 3916 genzen
1571 3849 1683 3900 Zeit
1708 3848 2011 3899 bezeichnet
2027 3844 2234 3897 werden
2259 3842 2376 3894 soll.

1898 3933 1971 3983 3*

2438 1124 2496 1175 16
