2834 4317
396 466 475 522 28

396 548 453 600 51

400 1185 459 1236 52

497 144 583 203 84

1259 141 1448 195 [ABER
1480 141 1564 197 iv,
1600 145 1887 209 23‚51.52.

498 316 782 379 fortitudo
815 315 1057 378 minime
1098 314 1173 377 sit
1202 314 1436 378 rabiosa
1476 315 1671 395 sitque
1711 314 2015 376 iracundia
2052 322 2176 376 tota
2206 314 2472 377 levitatis.
2533 316 2651 377 Ne-

502 421 616 482 que
646 401 804 463 enim
837 410 926 463 est
953 400 1072 461 ulla
1095 400 1398 475 fortitudo,
1433 418 1584 480 quae
1614 400 1860 462 rationis
1890 408 1979 462 est
2009 417 2240 481 expers,

668 487 1151 549 Contemnendae
1181 503 1276 547 res
1305 486 1601 547 humanae
1629 494 1788 560 sunt,
1826 485 2194 565 neglegenda
2214 503 2377 546 mors
2406 493 2514 560 est,
2545 504 2653 566 pa-

499 572 692 635 tibiles
735 582 795 634 et
823 572 1059 634 dolores
1089 578 1148 631 et
1184 570 1418 633 labores
1460 571 1725 651 putandi.
1789 570 1944 632 Haec
1973 589 2111 631 cum
2151 570 2472 632 constituta
2510 581 2655 633 sunt

499 658 716 720 iudicio
745 665 923 737 atque
952 655 1279 730 sententia,
1326 665 1456 717 tum
1485 665 1576 719 est
1604 656 1846 718 robusta
1877 656 1974 717 illa
2006 665 2065 739 et
2093 656 2317 717 stabilis
2346 656 2654 727 fortitudo,
2687 668 2716 717 5

500 743 616 805 nisi
646 744 820 814 forte,
853 760 1004 822 quae
1025 742 1424 815 vehementer,
1457 742 1691 816 acriter,
1722 740 1985 803 animose
2008 742 2182 814 fiunt,
2214 741 2499 802 iracunde
2528 742 2659 802 fieri

502 829 893 907 suspicamur.
966 826 1106 888 Mihi
1139 845 1216 887 ne
1247 825 1449 907 Scipio
1481 827 1719 906 quidem
1749 826 1864 902 ille,
1897 827 2164 906 pontifex
2193 843 2523 901 maxumus,
2558 828 2660 906 qui

500 914 615 974 hoc
645 913 983 974 Stoicorum
1025 930 1230 973 verum
1261 930 1390 974 6556
1432 910 1777 986 declaravit,
1823 929 2147 991 numquam
2189 911 2485 992 privatum
2528 930 2660 973 esse

500 998 862 1077 sapientem,
905 997 1092 1059 iratus
1131 996 1361 1058 videtur
1401 997 1584 1060 fuisse
1625 996 1715 1057 Ti.
1746 997 2010 1058 Graccho
2051 1004 2211 1070 tum,
2253 1015 2390 1058 cum
2435 1015 2661 1058 consu-

501 1083 617 1145 lem
649 1084 1031 1162 languentem
1073 1082 1312 1161 reliquit
1340 1094 1518 1161 atque
1547 1082 1676 1162 ipse
1704 1082 2003 1162 privatu8‚
2046 1090 2113 1143 ut
2154 1082 2204 1144 si
2244 1081 2458 1143 consul
2487 1092 2665 1155 esset,
2710 1092 2760 1143 ιο

502 1168 603 1247 qui
644 1186 769 1231 rem
814 1168 1115 1249 publicam
1157 1167 1372 1230 salvam
1411 1186 1539 1230 6556
1582 1166 1826 1241 vellent,
1871 1186 1934 1228 se
1976 1167 2145 1246 sequi
2185 1167 2373 1229 iussit.
2445 1167 2660 1230 Nescio

502 1254 711 1333 ecquid
742 1253 856 1334 ipsi
887 1272 1000 1315 nos
1029 1253 1263 1315 fortiter
1291 1253 1355 1314 in
1386 1271 1454 1314 re
1483 1253 1719 1333 publica
1750 1252 2070 1315 fecerimus
2087 1270 2104 1328 ;
2136 1252 2186 1313 si
2218 1252 2358 1332 quid
2388 1252 2660 1325 fecimuS,

499 1348 661 1400 certe
705 1339 839 1401 irati
884 1358 1008 1400 non
1062 1338 1332 1400 fecimus.
1419 1339 1512 1399 An
1570 1347 1659 1400 est
1702 1338 2019 1417 quicquam
2077 1336 2327 1400 similius
2385 1337 2659 1400 insaniae

500 1443 679 1504 quam
722 1422 856 1485 ira?
917 1442 1090 1503 quam
1135 1422 1293 1484 bene
1336 1423 1573 1486 Ennius
1617 1426 1855 1486 initium
1899 1422 2044 1484 dixit
2086 1425 2368 1485 insaniae.
2458 1422 2660 1496 Color,

498 1529 629 1584 vox,
663 1510 838 1583 oculi,
877 1509 1158 1589 spiritus,
1191 1509 1543 1590 impotentia
1570 1509 1863 1570 dictorum
1893 1525 1962 1569 ac
1993 1508 2283 1569 factorum
2313 1526 2489 1587 quam
2522 1527 2664 1588 par·
2712 1518 2763 1570 15

498 1604 617 1657 tem
664 1594 886 1656 habent
939 1591 1251 1655 sanitatis?
1339 1593 1497 1665 Quid
1554 1593 1779 1655 Achille
1834 1593 2151 1655 Homerico
2208 1593 2473 1667 foediuS,
2519 1593 2662 1673 quid

500 1681 944 1760 Agamemnone
985 1679 1048 1740 in
1095 1676 1333 1758 iurgio?
1405 1698 1542 1741 nam
1584 1679 1822 1742 Aiacem
1869 1678 2108 1758 quidem
2150 1678 2236 1739 ira
2279 1678 2351 1739 ad
2394 1678 2663 1740 furorem

498 1774 873 1843 mortemque
903 1764 1196 1844 perduxit.
1272 1764 1402 1825 Non
1438 1764 1619 1843 igitur
1661 1763 1952 1825 desiderat
1993 1763 2277 1825 fortitudo
2318 1763 2663 1825 advocatam

500 1848 898 1924 iracundiam3
945 1849 1083 1910 satis
1126 1857 1217 1910 est
1247 1849 1570 1925 instructa,
1613 1857 1848 1929 parata,
1891 1858 2112 1910 armata
2145 1867 2252 1928 per
2291 1867 2440 1910 sese.

2512 1849 2662 1910 Nam

500 1934 613 1995 isto
660 1933 899 2013 quidem
943 1934 1120 1994 modo
1160 1934 1300 1995 licet
1344 1933 1541 1996 dicere
1584 1934 1789 1997 utilem
1829 1933 2217 1995 vinulentiam
2256 1934 2327 1995 ad
2354 1918 2662 1996 fortitudi-
2708 1944 2762 1995 20
2821 1948 2822 2033 1

498 2105 674 2167 sitque
705 2100 811 2167 vgl.
847 2099 883 2152 1.
919 2103 1004 2184 29,
1027 2104 1116 2154 71:
1167 2078 1529 2186 adhibuitque.

574 2174 619 2224 1.
656 2168 887 2220 levitatis
919 2140 1531 2236 *ῦΙι3ι31ιιει561ιιν361ι6ζ

501 2238 602 2290 wie
639 2240 722 2303 31,
759 2239 824 2290 66
862 2237 1051 2289 levitas
1084 2237 1188 2289 und
1226 2239 1370 2290 levis.

569 2308 616 2358 3.
669 2306 936 2371 patibiles.
1005 2306 1190 2358 Aufser
1227 2306 1337 2358 hier
1371 2305 1533 2359 findet

497 2375 610 2427 sich
635 2372 744 2426 dies
768 2372 918 2426 Wort
950 2374 1037 2427 bei
1071 2373 1246 2428 Cicero
1271 2390 1366 2429 nur
1399 2375 1535 2429 noch

499 2442 564 2494 de
590 2442 730 2495 deor.
764 2458 814 2499 n.
848 2442 925 2497 111.
962 2444 1042 2506 12,
1067 2444 1150 2508 29,
1186 2443 1301 2495 dort
1324 2444 1376 2494 in
1401 2443 1534 2495 akti-

498 2526 617 2564 vem
653 2509 829 2562 Sinne.

569 2584 616 2632 5.
654 2583 734 2629 est
766 2571 854 2631 ‘ist
888 2571 1220 2631 vorhanden'.

566 2651 615 2702 6.
662 2648 993 2698 vehementer
1042 2645 1154 2697 ‘mit
1205 2645 1529 2710 Nachdruck,

499 2709 709 2780 kraftig’
756 2715 809 2765 in
856 2714 1044 2767 honam
1080 2720 1303 2781 partem;
1351 2730 1409 2767 so
1445 2714 1531 2767 bei

501 2783 677 2835 Cicero
703 2782 846 2833 nicht
871 2782 1035 2834 selten
1055 2782 1222 2834 neben
1247 2781 1531 2847 admirari,

502 2851 779 2915 adsentiri,
813 2852 1068 2915 probare,
1105 2849 1378 2914 delectari,
1417 2855 1531 2901 stu-

503 2920 643 2982 dere,
677 2933 732 2967 se
767 2933 1013 2968 eoecrccre
1048 2932 1101 2968 ιι.
1126 2932 1171 2969 3.
1199 2915 1399 2970 VerbiS.

574 2988 620 3038 7.
647 2984 829 3050 Scipio
847 2984 967 3037 ille:
994 2984 1050 3037 P.
1072 2984 1337 3037 Cornelius
1358 2983 1532 3053 Scipio

504 3051 735 3119 Serapio,
773 3051 912 3107 Sohn
951 3053 1042 3106 des
1075 3051 1249 3120 Scipio
1273 3051 1461 3106 Nasica
1480 3053 1534 3119 (1.

504 3124 552 3185 9,
575 3123 675 3188 19),
695 3119 891 3173 Konsul
912 3124 1027 3188 138,
1057 3125 1219 3175 totete
1232 3123 1330 3176 133
1357 3123 1534 3175 scinen

507 3188 682 3242 Vetter
715 3188 829 3240 Tib.
857 3188 1188 3272 Sempronius
1226 3190 1501 3243 Gracchus

573 3260 620 3311 8.
657 3259 758 3309 hoc
792 3207 1095 3310 Stoicorum
1140 3253 1302 3324 ‘jener
1340 3257 1537 3311 Grund-

505 3333 614 3379 satz
661 3326 750 3378 der
798 3321 1026 3380 Stoikcr'
1069 3328 1192 3392 (ν31.
1237 3327 1273 3380 1.
1310 3329 1395 3392 42,
1433 3329 1534 3388 99).

503 3395 654 3448 Dicse
716 3393 1059 3461 behaupteten
1115 3394 1365 3459 namlich,
1425 3394 1536 3447 dass

504 3463 595 3514 der
629 3461 804 3514 Weise
840 3463 996 3516 allein
1028 3462 1212 3528 Κόιιὶ3,
1246 3461 1537 3525 Herrscher,

507 3528 773 3594 Obrigkeit
819 3546 869 3583 u.
918 3546 959 3585 5.
1008 3545 1076 3583 w.
1124 3530 1214 3583 sei.
1297 3529 1445 3596 Diog.
1481 3529 1536 3583 L.

510 3596 609 3648 Vll.
645 3599 760 3649 122.

509 3665 901 3783 Τὴάῖοἱαναυίι,
935 3665 1156 3721 ιιῖιιιιΙίοΙι
1197 3665 1357 3719 durch
1394 3666 1537 3720 scine

590 3748 618 3783 a
646 3770 661 3786 Ο

579 3801 627 3854 9.
666 3799 932 3853 consulem
960 3799 1315 3869 languentem,
1353 3801 1453 3856 den
1478 3801 1537 3859 P.

1632 2100 1831 2154 Mucius
1886 2099 2130 2165 Scavola,
2187 2101 2408 2154 welcher
2463 2100 2669 2153 Gewalt

1633 2185 1796 2237 36363
1847 2168 2103 2222 Gracchus
2150 2168 2503 2222 anzuwenden
2554 2170 2668 2223 sich

1633 2239 1894 2304 weigerte.

1707 2309 1786 2360 11.
1825 2308 1920 2372 qui
1949 2304 2241 2357 -vellent.
2313 2304 2405 2356 Bei
2441 2305 2670 2358 Aufruhr

1633 2374 1687 2426 in
1723 2373 1811 2426 der
1849 2372 2000 2426 Stadt
2042 2388 2151 2425 war
2194 2372 2278 2425 die
2314 2373 2669 2427 feststehende

1634 2441 1853 2507 Formel,
1890 2441 2044 2493 deren
2078 2441 2188 2493 sich
2223 2440 2311 2493 der
2346 2440 2544 2494 Konsul
2582 2443 2672 2494 he-

1630 2511 1830 2562 diente:
1868 2510 1975 2573 Qui
2005 2525 2117 2559 rem
2143 2509 2292 2575 publ.
2326 2511 2531 2560 salvam
2556 2528 2670 2561 esse

1628 2578 1844 2640 volunt,
1894 2593 1977 2629 mc
2022 2581 2332 2643 sequantur.
2383 2576 2502 2645 vgl.
2528 2575 2668 2630 Plut.

1631 2645 1709 2698 Ti.
1736 2645 1818 2698 Gr.
1849 2647 1934 2707 193
1972 2644 2084 2699 val.
2121 2643 2255 2698 Max,
2289 2644 2366 2698 111.
2404 2648 2451 2710 2,
2482 2649 2563 2701 17.

1704 2716 1785 2766 15.
1822 2729 1981 2779 quam
2012 2718 2222 2780 partem
2263 2715 2350 2777 (ει
2383 2715 2537 2779 quid)
2575 2716 2672 2765 Ιια-

1634 2783 1756 2833 hent
1794 2785 2076 2848 sanitatis,
2119 2781 2340 2834 nfimlich
2376 2781 2464 2835 bei
2499 2781 2669 2835 einem

1634 2850 1902 2916 Zornigen.

1705 2922 1785 2971 17.
1811 2921 1870 2968 in
1894 2919 2106 2983 iurgio:
2133 2915 2279 2969 Hom.
2298 2915 2353 2969 11.
2372 2916 2409 2971 1.
2434 2919 2531 2971 122
2552 2932 2672 2985 sqq.

1702 3002 1830 3038 nam
1862 2988 2082 3038 Aiacem
2118 2986 2358 3051 quidem:
2398 2983 2511 3037 Von
2533 2986 2674 3051 Ajax

1638 3052 1750 3105 will
1773 3054 1857 3106 ich
1893 3069 1982 3119 33ι·
2018 3053 2161 3105 nicht
2184 3057 2290 3105 erst
2322 3052 2496 3118 reden,
2531 3053 2674 3106 denn

1638 3122 1885 3174 diesenu.
1904 3137 1947 3177 s.
1966 3137 2034 3173 w.
2063 3120 2180 3187 Vgl.
2204 3137 2248 3175 z.
2273 3121 2349 3176 ΠΙ.
2377 3122 2459 3186 30,
2480 3124 2546 3175 73
2565 3122 2676 3174 und

1636 3195 1794 3243 unten
1816 3192 1898 3255 33,
1924 3193 2016 3242 71:
2037 3192 2534 3241 namAnacreontis
2554 3193 2677 3255 qui-

1639 3258 1756 3309 dem
1781 3263 1893 3310 tota
1913 3260 2089 3325 poesis
2121 3264 2201 3308 est
2223 3261 2507 3310 amator-ia.
2541 3257 2675 3310 Zum

1636 3326 1929 3393 lnhaltvgl.
1965 3323 2676 3380 Hom.0d.x1.543—-560.

1711 3396 1790 3448 18.
1827 3395 2178 3446 desiderat-
2204 3396 2522 3446 advocatam
2557 3396 2676 3446 ira-

1640 3463 1907 3515 cundiam.
1959 3461 2029 3515 So
2055 3461 2115 3514 V.
2140 3463 2224 3526 38,
2253 3465 2374 3517 111:
2402 3462 2509 3528 Sap
2512 3464 2676 3515 tentis

1640 3533 1899 3596 cogitatio
1922 3547 2032 3582 non
2054 3529 2225 3591 ferme
2248 3530 2322 3582 ad
2344 3532 2677 3596 investigan-

1641 3599 1767 3650 dum
1802 3599 2021 3651 adhibet
2056 3599 2239 3651 oculos
2276 3598 2580 3652 advocatos.

1709 3669 1791 3720 20.
1816 3669 1921 3719 isto
1946 3667 2158 3732 quidem
2174 3667 2347 3732 modo,
2369 3665 2418 3718 d.
2440 3666 2490 3718 h.
2519 3682 2676 3721 wenn

1639 3749 1758 3786 man
1795 3730 1878 3787 die
1901 3735 2189 3787 iracundia
2228 3736 2309 3788 fiir
2330 3705 2560 3787 nutzlich
2589 3752 2679 3790 zur

1635 3801 1909 3865 fortitudo
1945 3802 2070 3855 halt.

2817 2132 2820 2183 1
