2834 4317
1082 152 1270 207 LIBER
1302 153 1389 210 1V.
1425 157 1509 221 25,
1529 158 1612 210 55.
2335 156 2415 216 87

267 411 571 472 orationes
599 410 933 485 scribimus,
967 428 1111 471 uum
1145 412 1280 473 irati
1308 409 1668 475 scribimus?

784 495 997 576 Ecquis
1023 496 1126 558 hoc
1155 495 1613 560 animadvertit?
1644 493 1887 560 vincite!
1987 542 1999 555 .

268 599 412 642 num
457 589 559 642 aut
600 580 790 659 egisse
831 599 1113 660 umquam
1160 582 1376 643 iratum
1417 584 1715 663 Aesopum
1756 590 1858 644 aut
1886 581 2190 663 scripsisse
2219 584 2423 646 existi-

189 678 222 728 5
267 684 391 728 mas
433 667 650 729 iratum
678 665 922 727 Accium
940 663 970 725 ’.Ρ
1012 668 1288 746 Aguntur
1330 668 1441 730 ista
1482 668 1786 748 praeclare
1817 675 1877 729 et
1916 667 1989 729 ab
2021 677 2259 730 oratore
2289 670 2423 749 qui-

266 753 403 814 dem
442 751 684 825 meliuS,
729 751 780 812 si
820 751 998 812 modo
1043 760 1133 814 est
1172 760 1405 825 orator,
1452 771 1628 831 quam
1671 752 1746 813 ab
1788 753 1909 814 ullo
1953 753 2275 830 histrione,
2318 754 2420 816 sed

268 846 528 917 aguntur
569 837 787 898 leniter
822 845 882 897 et
910 846 1112 898 mente
1142 838 1482 917 tranquilla.
1547 837 1986 900 Libidinem
2014 854 2154 900 vero
2186 838 2423 901 laudare

18 894 21 1065 ἱ
267 922 438 984 cuius
484 930 574 984 est
616 919 925 982 libidinis?
954 921 1420 985 Themistoclem
1454 923 1596 984 mihi
1629 931 1688 984 et
1717 923 2159 985 Demosthenen
2192 924 2423 1004 profer·-

267 1007 374 1082 tis,
418 1007 628 1069 additis
658 1006 1061 1086 Pythagoran,
1092 1008 1517 1082 Democritum,
1548 1008 1875 1070 Platonem.
1933 1005 2133 1079 Quid?
2162 1027 2266 1071 vos
2295 1018 2422 1071 stu-

165 1099 227 1153 10
270 1093 363 1154 dia
405 1091 710 1155 libidinem
756 1089 1023 1154 vocatis?
1067 1111 1217 1173 quae
1258 1093 1351 1154 vel
1394 1093 1755 1173 optimarum
1785 1100 2023 1167 rerum,
2065 1100 2135 1154 ut
2163 1112 2231 1154 ea
2261 1103 2422 1167 sunt,

271 1196 419 1257 quae
441 1176 742 1258 profertis,
772 1176 969 1238 sedata
995 1185 1192 1239 tamen
1217 1185 1279 1239 et
1299 1178 1618 1258 tranquilla
1642 1196 1771 1239 esse
1794 1177 2034 1239 debent.
2081 1177 2203 1239 Iam
2234 1179 2425 1259 aegri-

267 1263 532 1325 tudinem
577 1261 848 1336 laudare,
891 1280 1072 1323 unam
1115 1280 1243 1324 rem
1274 1263 1527 1325 maxime
1556 1262 2000 1337 detestabilem,
2047 1281 2305 1341 quorum
2338 1272 2425 1326 est

267 1348 506 1409 tandem
535 1345 1070 1429 philosophorum?
1136 1349 1212 1409 At
1243 1346 1552 1409 commode
1584 1347 1731 1409 dixit
1759 1347 2073 1409 Afranius:

673 1431 832 1494 Diam
859 1433 1026 1494 modo
1058 1433 1244 1496 doleat
1272 1433 1491 1514 dliquid
1512 1433 1700 1495 doleat
1728 1432 2032 1514 quidlubet.

159 1526 220 1578 15
264 1516 423 1577 Dixit
465 1517 623 1578 enim
671 1517 744 1578 de
787 1517 1165 1580 adulescente
1207 1518 1441 1598 perdito
1479 1536 1548 1579 ac
1592 1516 1907 1592 dissoluto,
1958 1537 2068 1580 nos
2110 1525 2307 1579 autem
2352 1518 2424 1580 de

266 1602 564 1663 constanti
608 1601 733 1663 viro
779 1621 848 1663 ac
895 1603 1151 1683 sapienti
1195 1603 1556 1684 quaerimus.
1631 1602 1709 1664 Et
1752 1603 1990 1681 quidem
2036 1603 2224 1684 ipsam
2269 1603 2425 1664 illam

268 1687 416 1748 iram
462 1687 735 1748 centurio
765 1688 978 1749 habeat
1005 1698 1108 1750 aut
1136 1688 1388 1768 signifer
1412 1688 1508 1750 vel
1537 1688 1751 1762 ceteri,
1800 1690 1875 1750 de
1907 1688 2124 1767 quibus
2153 1687 2270 1749 dici
2300 1707 2424 1750 non

272 1790 516 1834 necesse
547 1782 654 1848 est,
690 1792 765 1834 ne
797 1772 1105 1835 rhetorum
1135 1774 1471 1855 aperiamus
1503 1773 1799 1854 mysteria.
1845 1773 2003 1835 Utile
2032 1781 2121 1836 est
2150 1773 2309 1835 enim
2339 1774 2427 1835 uti

20 268 33 595 ὦ
263 325 526 388 mentius
557 322 849 387 dicimus?
894 324 1094 396 Quid?
1142 345 1277 389 cum
1309 326 1427 388 iam
1455 326 1637 390 rebus
1658 327 1969 390 transactis
2000 336 2060 390 et
2087 330 2420 409 praeteritis

265 1925 724 2043 ffifffin‘f‘oe‘fi‘
752 1922 830 2043 {⁸5²
859 1922 1065 2044 {3⁶3¹2‘r’h
1089 1923 1297 2045 ⁰³⁶2?

315 2005 408 2042 rei
502 2005 639 2044 eor.
707 2030 720 2043 .
821 2029 837 2057 ‚
1024 2007 1176 2054 .;or.
1281 2029 1296 2056 ‚

272 2060 370 2111 132
405 2057 512 2110 und
546 2058 665 2111 Hor.
714 2058 778 2111 de
814 2064 908 2110 art.
941 2062 1084 2126 poet.
1126 2063 1217 2114 101
1244 2059 1296 2113 ff.

342 2130 386 2180 1.
422 2128 581 2177 rebus
623 2129 925 2180 transactis.
994 2127 1086 2180 Die
1123 2126 1298 2181 Reden

269 2193 485 2247 wurden
518 2196 570 2246 in
599 2194 689 2247 der
712 2195 873 2262 Regel
898 2210 1028 2262 ganz
1054 2196 1148 2248 frei
1174 2196 1300 2249 oder

270 2262 403 2315 nach
427 2263 592 2315 einem
616 2262 883 2316 Entwurse
917 2264 1157 2329 gehalten
1192 2264 1298 2316 und

271 2335 379 2384 erst
401 2333 576 2397 spater
605 2331 983 2397 ausgearbeitet
1006 2333 1067 2397 (ε.
1094 2332 1204 2384 Cat.
1227 2331 1295 2385 Μ.

275 2403 359 2464 11,
395 2400 499 2464 38),
538 2414 634 2451 ιιιιι·
670 2399 1107 2452 ausnabmsweise
1143 2399 1299 2467 abge·

271 2468 415 2519 lesen
452 2468 512 2532 (s.
537 2482 588 2534 p.
614 2465 788 2519 Plane.
813 2470 897 2533 29,
923 2469 1025 2533 74).

342 2536 480 2587 3.Ec
553 2538 911 2587 is—vincite!
932 2535 1139 2604 Anfang
1156 2536 1300 2589 eines

273 2603 437 2656 troch.
523 2618 662 2656 erses
705 2618 797 2657 aus
833 2602 951 2656 dem
985 2603 1172 2657 Atreus
1208 2605 1299 2657 des

273 2671 328 2724 L.
364 2670 552 2723 Accius
586 2674 649 2737 (s.
674 2687 737 2723 zu
761 2672 796 2724 1.
822 2674 905 2736 28,
931 2673 1044 2737 68):
1072 2664 1302 2726 ‘Ahndet

274 2739 411 2790 deun
454 2737 565 2792 dies
609 2739 881 2792 niemand?
939 2739 1124 2793 Bindet
1157 2731 1300 2793 ibn!³

275 2806 468 2872 objekt
503 2822 567 2858 zu
602 2810 773 2874 egisse
805 2807 911 2860 und
943 2811 1235 2875 scripsisse.

353 2879 404 2930 4.
449 2878 615 2941 egisse
660 2904 728 2915 —
762 2876 1045 2943 Aesopum.
1122 2877 1303 2942 Agere

276 2944 346 2996 ist
380 2943 471 2996 der
504 2947 650 2996 term.
687 2944 856 2998 tecbn.
904 2959 1006 2996 von
1057 2942 1146 2996 der
1175 2944 1302 3010 par-

276 3011 505 3078 stellung
546 3011 640 3064 des
683 3010 1084 3079 Schauspielers.
1163 3011 1302 3064 Uber

276 3080 542 3146 AesopuS,
596 3079 688 3132 der
741 3079 1167 3132 wabrscheinlich
1217 3079 1301 3132 die

278 3146 548 3200 Titelrolle
584 3147 745 3213 hatte,
781 3162 824 3203 ε.
859 3146 914 3200 11.
953 3151 1033 3213 17,
1059 3149 1143 3201 39.

349 3217 397 3267 6.
431 3218 481 3267 si
503 3218 659 3267 modo
685 3221 764 3267 est
784 3221 988 3283 orator,
1058 3216 1304 3283 regnant:

268 3276 381 3335 ‘ein
427 3283 629 3336 Redner
671 3285 743 3335 im
787 3283 962 3337 vollen
1048 3284 1168 3336 inne
1213 3283 1305 3337 des

278 3347 534 3405 Wortes’.
590 3350 707 3418 Vgl.
747 3355 830 3416 19,
854 3354 943 3404 43:
983 3352 1190 3405 Virum.

349 3423 396 3473 7.
423 3419 726 3472 Libidinem
760 3425 858 3474 cet.
895 3420 976 3473 bis
1011 3435 1126 3472 zum
1161 3419 1304 3473 Ende

280 3487 374 3540 des
392 3487 464 3540 Ka
505 3525 537 3554 .,
562 3489 615 3539 in
639 3488 815 3555 Bezug
838 3487 928 3541 auf
954 3491 1032 3554 19,
1057 3491 1126 3541 44
1149 3504 1200 3541 u.
1225 3490 1307 3553 20,

280 3558 366 3609 45.
432 3504 527 3608 Μςι
561 3555 678 3608 dem
713 3556 996 3622 Wortspiel
1032 3555 1308 3608 libidinem

278 3652 350 3662 —
374 3624 617 3675 libidinis
640 3624 746 3691 vgl.
766 3624 802 3677 1.
828 3626 910 3689 40,
931 3627 1023 3678 95:
1047 3624 1217 3676 levius
1237 3653 1308 3664 —

282 3694 507 3745 levitati.

353 3762 401 3881 ῗ.
435 3760 828 3813 Demosthenen
851 3788 921 3800 —
937 3761 1306 3829 Pythagoran,

282 3843 326 3881 s.
383 3865 398 3881 .
435 3831 487 3895 5,
514 3832 593 3883 10.

1470 1928 1518 1978 9.
1553 1941 1646 1976 vos
1679 1924 1863 1975 studia
1891 1923 2167 1975 libidinem
2189 1926 2429 1975 voeatis?

1400 1991 1554 2044 Sinn:
1596 1991 1678 2044 Ibr
1710 1992 2054 2045 verwecbselt
2089 1984 2171 2044 die
2204 1990 2427 2059 Begriffe

1399 2060 1525 2113 Lust
1560 2059 1665 2114 und
1702 2059 1933 2113 Streben.

1473 2132 1553 2183 11.
1588 2129 1704 2180 Iam
1737 2128 2133 2194 aegritudinem
2160 2119 2291 2179 ‘und
2324 2142 2429 2180 nun

1400 2190 1515 2262 gar'
1545 2218 1614 2240 -—-
1635 2197 2049 2262 Aegritudinem
2082 2211 2224 2247 vero.

1474 2267 1553 2317 12.
1588 2279 1770 2330 unam,
1805 2263 1942 2316 bloss
1965 2278 2057 2315 zur
2080 2261 2391 2316 Verstiirkun

1400 2331 1494 2384 des
1530 2330 1729 2399 Superl.
1767 2332 2139 2397 binzugesetzt.
2209 2329 2261 2383 S.
2284 2347 2348 2383 zu
2416 2369 2430 2383 .

1405 2401 1487 2466 18,
1510 2402 1593 2452 43.
1888 2469 1899 2482 ο
2292 2457 2310 2483 ζ

1400 2466 2428 2618 istqi‘ssffuffffzsssss‘ffi'ssssssssffl.*³⁸

1477 2605 1556 2658 13.
1600 2604 1676 2685 <tt
1725 2601 1863 2655 Aber
1898 2630 1965 2640 —
2000 2601 2196 2654 werdet
2236 2600 2317 2653 ihr
2351 2617 2433 2654 sa·

1403 2686 1505 2738 gen
1539 2699 1607 2710 —
1635 2708 1649 2723 .

1472 2738 1757 2801 Afranius,
1792 2753 1834 2790 s·
1872 2740 1953 2803 20,
1980 2740 2063 2791 45.

1478 2811 1556 2861 15.
1581 2805 1748 2861 Dioeit
1770 2809 1928 2859 enim.
1980 2804 2179 2858 Vorher
2210 2803 2281 2857 ist
2302 2820 2430 2856 vero

1404 2891 1468 2927 zu
1493 2875 1763 2942 ergiinzen.
1817 2873 1935 2941 vgl.
1955 2890 2020 2927 zu
2044 2873 2081 2926 1.
2106 2876 2157 2939 6,
2184 2875 2265 2926 11:
2302 2872 2434 2936 Quis

1405 2960 1563 2998 emm.
2121 2971 2126 2975 -

1478 3015 1557 3065 16.
1583 3015 1758 3077 ipsam
1778 3009 1932 3062 illam
1955 3012 2098 3062 iram
2121 3012 2219 3062 cet.
2280 3008 2431 3063 Sinn:

1403 3079 1521 3132 Wie
1557 3079 1641 3132 bei
1678 3079 1844 3131 einem
1879 3077 2209 3131 liederlichen
2235 3078 2435 3143 jungen

1406 3146 1611 3212 Manae,
1646 3146 1699 3197 in
1736 3146 1851 3198 dem
1900 3145 1982 3198 die
2008 3145 2258 3199 vernunst
2293 3145 2436 3198 nicht

1405 3215 1492 3268 die
1517 3213 1791 3268 Oberhand
1813 3215 1922 3279 hat,
1957 3213 2345 3266 Bekiimmernis
2370 3228 2437 3263 zu

1407 3284 1577 3336 seiner
1632 3280 1927 3349 Besserung
1992 3282 2436 3334 wunscbenswert

1406 3352 1519 3404 sein
1566 3366 1710 3418 mag,
1758 3365 1817 3403 so
1865 3364 1985 3415 mag
2028 3349 2100 3401 im
2134 3348 2318 3414 Kriege
2350 3347 2436 3399 bei

1408 3419 1525 3472 dem
1572 3418 1843 3486 gemeinen
1879 3416 2123 3470 Soldaten
2170 3415 2260 3468 der
2303 3413 2435 3467 Zorn

1411 3487 1496 3540 die
1532 3486 1693 3541 Stelle
1736 3485 1827 3539 der
1868 3486 2077 3537 wahren
2122 3481 2437 3550 Tapterkeit‚

1411 3556 1566 3609 deren
1602 3571 1656 3608 er
1689 3554 1833 3607 nicht
1866 3553 2008 3620 fabig
2041 3552 2126 3618 ist,
2162 3555 2437 3617 vertreten,

1410 3625 1534 3677 aber
1578 3623 1693 3676 dem
1729 3621 1940 3675 Weisen
1984 3620 2248 3688 geziemen
2294 3619 2437 3673 diese

1404 3690 1835 3745 Leidenschaften
1860 3689 2018 3742 nicht.
2032 3690 2186 3741 -Et
2207 3688 2439 3755 quidem,

1411 3761 1513 3813 wie
1547 3759 1624 3813 111.
1665 3763 1744 3823 11,
1768 3759 1852 3812 48.

1484 3829 1563 3882 18.
1598 3829 1875 3880 rhetorum
1909 3855 1977 3866 —
2012 3828 2302 3895 mysteria,
2354 3824 2437 3878 die
