2834 4317
154 1148 218 1201 10

155 1574 218 1627 15

1101 198 1291 252 unsa
1323 198 1386 253 V.
1427 203 1474 267 1,
1495 202 1544 265 3,
1563 203 1610 253 4.

1423 309 1834 374 &W

267 372 513 433 inventa
537 379 592 433 et
617 372 879 450 perfecta
898 370 1082 433 virtus
1112 379 1220 446 est,
1252 379 1313 433 et
1334 370 1384 433 si
1413 371 1687 451 praesidii
1714 374 1783 434 ad
1808 372 1978 435 beate
2006 374 2317 438 vivendum
2348 378 2410 438 in

266 457 484 518 virtute
515 457 653 518 satis
685 464 792 530 est,
825 456 956 535 quis
980 465 1086 533 est,
1119 458 1221 536 qui
1253 475 1374 517 non
1407 457 1708 536 praeclare
1736 467 1796 520 et
1825 457 1898 519 ab
1929 458 2043 520 illis
2072 459 2320 539 positam
2353 472 2413 523 et

268 560 303 602 a
333 541 508 603 nobis
537 549 871 621 susceptam
901 560 1145 621 operam
1174 541 1638 622 philosophandi
1668 542 2030 605 arbitretur?
2084 545 2190 606 Sin
2212 555 2408 609 autem
2458 612 2462 614 Α

267 627 456 689 virtus
497 626 759 688 subiecta
803 626 914 688 sub
945 628 1138 689 varios
1168 628 1547 707 incertosque
1578 645 1747 689 casus
1776 629 1988 690 famula
2018 630 2291 694 fortunae
2321 641 2411 695 est

269 730 384 773 nec
413 720 713 773 tantarum
740 712 951 774 virium
984 721 1101 788 est,
1144 720 1211 775 ut
1239 732 1303 774 se
1334 712 1461 792 ipsa
1488 721 1750 788 tueatur,
1791 732 2000 775 vereor
2030 733 2107 776 ne
2135 735 2259 777 non
2289 726 2409 779 tam

266 797 502 859 virtutis
526 797 739 858 fiducia
765 797 1077 859 nitendum
1108 797 1284 860 nobis
1313 799 1385 859 ad
1416 816 1581 879 spem
1612 798 1780 860 beate
1811 800 2041 860 vivendi
2072 819 2249 879 quam
2278 812 2410 865 vota

266 882 539 943 facienda
579 882 906 956 videantur.
973 883 1263 962 Equidem
1305 901 1406 946 eos
1439 902 1640 956 casus,
1683 884 1744 944 in
1791 883 2007 963 quibus
2047 905 2140 947 me
2170 888 2415 956 fortuna
2454 900 2483 949 3

265 969 652 1029 vehementer
682 967 973 1041 exercuit,
1016 987 1248 1030 mecum
1282 968 1408 1048 ipse
1441 968 1826 1052 considerans
1853 970 1992 1031 huic
2024 970 2244 1051 incipio
2276 993 2415 1035 sen-

268 1052 491 1114 tentiae
509 1053 777 1114 diffidere
800 1052 1100 1115 interdum
1126 1061 1185 1115 et
1206 1054 1451 1115 humani
1481 1054 1717 1134 generis
1748 1054 2207 1118 imbecillitatem
2236 1059 2418 1138 fragi-

267 1138 613 1216 litatemque
658 1139 1062 1201 extimescere.
1129 1136 1367 1200 Vereor‘
1399 1139 1557 1200 enim
1602 1157 1679 1200 ne
1711 1148 1916 1200 natura
1936 1187 1952 1215 ,
1998 1159 2133 1202 cum
2164 1160 2415 1224 corpora

269 1222 447 1285 nobis
489 1223 722 1284 infirma
766 1223 1021 1285 dedisset
1063 1224 1253 1302 iisque
1298 1231 1356 1284 et
1398 1223 1644 1285 morbos
1684 1224 2027 1287 insanabilis
2070 1234 2129 1287 et
2179 1228 2415 1291 dolores

266 1308 657 1370 intolerabilis
698 1308 1092 1383 adiunxisset,
1143 1309 1373 1370 animos
1417 1327 1654 1388 quoque
1705 1310 1933 1371 dederit
1985 1318 2043 1371 et
2093 1330 2415 1392 corporum

268 1392 576 1455 doloribus
619 1394 1004 1474 congruentis
1045 1403 1106 1455 et
1145 1394 1462 1475 separatim
1503 1394 1625 1455 suis
1668 1394 1991 1473 angoribus
2036 1405 2094 1457 et
2127 1399 2412 1461 molestiis

267 1478 621 1558 implicatos.
691 1478 807 1540 Sed
851 1479 913 1540 in
956 1480 1072 1540 hoc
1102 1498 1197 1541 me
1226 1480 1353 1559 ipse
1384 1479 1637 1558 castigo,
1684 1481 1840 1558 quod
1874 1499 1946 1541 ex
1976 1480 2223 1543 aliorum
2254 1493 2312 1545 et
2341 1504 2412 1545 ex

265 1571 471 1624 nostra
513 1565 759 1625 fortasse
808 1564 1077 1640 mollitia,
1117 1583 1240 1626 non
1272 1583 1344 1625 ex
1373 1565 1500 1644 ipsa
1528 1564 1772 1638 virtute,
1819 1565 1890 1626 de
1931 1566 2165 1629 virtutis
2194 1568 2413 1632 robore

2289 201 2408 260 105

267 1648 560 1709 existimo.
628 1649 730 1710 llla
763 1649 953 1720 enim,
989 1650 1038 1711 si
1068 1651 1244 1711 modo
1278 1658 1368 1711 est
1395 1649 1514 1710 ulla
1543 1649 1745 1725 virtus,
1779 1669 1955 1729 quam
1983 1651 2413 1716 dubitationem
2495 1716 2503 1725 ,

267 1734 596 1796 avunculus
625 1720 790 1810 tdus,
825 1734 1025 1808 Brute,
1057 1735 1313 1809 sustulit,
1347 1735 1566 1806 omnia,
1600 1753 1749 1813 quae
1778 1737 1986 1797 cadere
2015 1737 2077 1797 in
2108 1738 2414 1801 hominem

266 1827 554 1899 possunt,
599 1812 806 1881 subter
846 1838 911 1881 se
951 1819 1132 1881 habet
1167 1839 1352 1900 eaque
1382 1820 1716 1901 despiciens
1746 1840 1917 1883 casus
1946 1825 2275 1885 contemnit
2301 1826 2415 1887 hu-

267 1968 540 2034 grandung
576 1969 708 2035 folgt
743 1974 847 2022 erst
878 1974 1034 2022 unten
1070 1972 1164 2022 mit
1199 1970 1288 2022 der
1389 1969 1497 2026 hat.
1549 1970 1686 2023 Statt
1718 1974 1813 2022 sub
1850 1973 1943 2023 mit
1978 1972 2025 2024 d.
2062 1973 2184 2026 Acc.
2219 1974 2412 2028 konnte

265 2034 456 2101 Frage:
497 2042 616 2103 quis
651 2042 729 2089 est
762 2041 857 2103 qui
891 2042 987 2090 cet.
1058 2038 1157 2091 Der
1192 2038 1290 2090 Ge·
1392 2039 1522 2090 auch
1570 2039 1660 2091 der
1707 2038 1855 2091 Dativ
1903 2040 2111 2107 stehen,
2164 2058 2206 2095 3.
2254 2049 2411 2096 unten

268 2104 911 2172 dankenzusammenhang
927 2108 996 2159 ist
1013 2105 1284 2160 demnach:
1396 2111 1475 2172 10,
1513 2109 1594 2159 29.

263 2172 414 2225 Denn
449 2173 510 2225 da
549 2173 632 2226 die
667 2172 943 2240 Hoffnung,
985 2174 1068 2226 die
1103 2174 1291 2227 Bedin-
1461 2178 1509 2226 5.
1531 2191 1719 2226 vereor
1736 2190 1805 2225 ne
1828 2198 1895 2218 =
1919 2176 2220 2229 videantur.
2259 2178 2410 2231 Sinn:

266 2256 475 2307 gungen
517 2241 598 2293 ffir
633 2240 724 2294 das
761 2241 1082 2308 glfickselige
1118 2242 1290 2295 Leben
1393 2258 1452 2295 so
1491 2243 1688 2295 ffirchte
1713 2243 1813 2308 ich,
1850 2243 1962 2295 dass
1987 2245 2083 2295 wir
2116 2243 2198 2297 die
2224 2245 2415 2299 Glfick·

264 2308 524 2376 ausfindig
540 2325 605 2361 zu
629 2311 861 2376 macheu,
885 2311 999 2362 eine
1016 2309 1290 2377 Hoffnung,

263 2377 467 2429 welche
514 2377 803 2445 uberhaupt
848 2377 947 2430 den
982 2381 1151 2431 ersten
1189 2378 1290 2429 An-

263 2444 396 2496 stoss
442 2461 506 2497 zu
555 2445 672 2497 dem
712 2445 949 2498 Studium
996 2445 1084 2498 der
1118 2445 1292 2499 Philo-

263 2512 449 2579 sophie
483 2515 717 2580 gegeben
755 2514 858 2580 hat,
895 2514 1052 2567 durch
1087 2514 1171 2566 die
1200 2514 1290 2566 Er-

261 2580 539 2646 mittelung
575 2582 663 2634 der
688 2580 903 2649 'rugend
939 2582 1015 2635 als
1040 2582 1129 2634 des
1156 2583 1288 2636 dazu

264 2647 551 2701 siihrenden
574 2645 768 2716 Weges
806 2650 855 2702 in
892 2650 1164 2717 Erfiillung
1199 2666 1287 2717 ge-

262 2718 704 2837 ξέῗέῗῖεῗὲῑιὲῗη
727 2719 796 2770 ist
819 2719 1121 2838 2225552255.
1134 2720 1286 2839 ³3¹3

260 2867 320 2903 er
366 2852 457 2905 das
500 2853 657 2906 letzte
703 2854 810 2907 Ziel
857 2855 945 2906 des
990 2825 1285 2921 phildsoph.

262 2919 528 2974 Studiums
578 2921 654 2973 als
709 2923 924 2975 erreicht
967 2922 1285 2989 bezeichnet,

262 2987 355 3040 der
371 2989 843 3043 inhaltsschwerste
862 2989 967 3042 und
984 2990 1284 3043 herrlichste

263 3055 386 3109 Satz
421 3057 588 3110 dieser
622 3057 1010 3112 wissenschaft.
1080 3058 1285 3111 Hierbei

262 3123 426 3177 denkt
449 3125 648 3178 freilich
675 3126 777 3180 Cic.
802 3126 943 3179 nicht
965 3125 1138 3189 daran,
1175 3126 1285 3180 dass

264 3197 370 3244 erst
405 3193 503 3245 seit
528 3193 773 3247 Sokrates
809 3195 918 3247 sich
944 3194 1026 3247 die
1052 3194 1287 3247 Philoso-

261 3259 399 3327 phen
421 3262 514 3313 mit
531 3262 697 3314 dieser
709 3262 870 3329 Frage
886 3262 1282 3329 beschaftigten.

1393 2309 1634 2377 ‘seligkeit
1658 2309 1799 2362 nicht
1816 2310 1974 2362 durch
1993 2326 2176 2365 unsere
2196 2313 2411 2381 Tugend

1393 2395 1490 2431 uns
1537 2379 1762 2430 bereiten
1807 2378 2038 2443 konnen,
2084 2380 2302 2433 sondern
2344 2399 2409 2434 zu

1393 2446 1622 2498 Gebeten
1669 2462 1854 2499 unsere
1903 2447 2137 2499 Zuflucht
2189 2450 2407 2503 nehmen

1389 2519 1613 2566 mfissen.
1649 2514 1742 2566 Die
1760 2513 2094 2581 Philosophie
2114 2517 2269 2569 sollte
2289 2519 2412 2571 aber

1390 2583 1489 2634 den
1535 2581 1814 2634 Menschen
1861 2582 1944 2634 die
1990 2581 2162 2636 Mittel
2214 2600 2277 2637 an
2327 2586 2409 2638 die

1385 2649 1534 2702 Hand
1569 2652 1750 2717 geben,
1785 2666 1871 2701 um
1909 2666 2000 2702 aus
2036 2652 2242 2718 eigener
2265 2653 2410 2707 Kraft

1387 2718 1678 2786 glfickselig
1714 2718 1922 2770 werden
1958 2735 2021 2771 zu
2059 2720 2281 2774 konnen.

1458 2788 1504 2840 8.
1530 2790 1773 2838 exercuit
1788 2813 1856 2833 =
1878 2791 2112 2841 vexavit.
2160 2788 2229 2842 So
2250 2789 2306 2842 11.
2329 2793 2408 2855 16,

1388 2858 1479 2909 38:
1516 2856 1793 2906 Hominem
1822 2859 2148 2908 exercitum!
2180 2875 2232 2927 p.
2256 2858 2409 2913 Arch.

1390 2926 1473 2990 11,
1499 2925 1588 2977 28:
1643 2924 1788 2988 Quid
1826 2928 1917 2989 eat,
1962 2926 2107 2989 quod
2137 2955 2205 2965 -—
2242 2931 2410 2979 tanti-s·

1387 3008 1485 3044 nos
1519 2996 1578 3043 in
1613 2993 1886 3043 laboribus
1920 3000 2299 3047 excerceamus?

1461 3062 1539 3113 12.
1610 3075 1898 3125 corporum
1956 3061 2229 3115 doloribus
2287 3081 2411 3116 eon-

1381 3130 1635 3194 gruenlis
1666 3120 1774 3181 ‘die
1810 3127 2167 3198 kiirperlichen
2219 3131 2408 3184 Leiden

1390 3189 1854 3261 mitempfindend':
1914 3198 2137 3251 Ahnlich
2185 3201 2266 3263 24,
2313 3203 2406 3253 69:

1387 3280 1508 3315 cum
1557 3264 1695 3315 caeli
1740 3270 1890 3317 motu
1937 3282 2235 3331 congruere
2273 3259 2409 3319 ‘sich

332 3331 378 3380 1.
413 3332 632 3381 inventa
656 3359 723 3369 —
747 3333 943 3383 virtus:
981 3330 1068 3383 der
1090 3330 1291 3397 Begriff
1383 3325 1764 3398 mithewegen'.

260 3395 354 3448 der
371 3396 588 3464 Tugend
610 3403 781 3451 zuerst
806 3399 1151 3466 ausgefunden
1175 3399 1279 3451 und

257 3464 579 3532 vollstandig
614 3465 930 3520 entwickelt.
966 3467 1142 3519 Etwas
1166 3482 1281 3519 ver-

260 3532 504 3586 schieden
526 3534 591 3586 de
626 3550 698 3587 or.
734 3534 770 3588 1.
806 3538 857 3601 4,
895 3537 987 3587 13:
1021 3536 1280 3601 Athenas,

260 3603 322 3651 in
368 3604 559 3668 quibus
603 3619 809 3655 summa
856 3604 1069 3655 dicendi
1103 3608 1185 3654 via
1231 3609 1284 3655 et

260 3670 481 3724 inventa
518 3676 599 3722 est
634 3676 687 3722 et
711 3670 975 3737 perfecta.

332 3740 379 3791 4.
414 3740 652 3790 subiecta
681 3742 778 3790 sub
813 3744 998 3792 varios
1022 3769 1087 3777 —
1115 3756 1284 3807 casua,

258 3805 367 3872 vgl.
402 3805 485 3859 IV.
524 3811 571 3873 7,
601 3811 664 3861 16
698 3824 748 3861 ιι.
787 3810 834 3873 8,
871 3812 953 3873 19,
990 3823 1074 3859 wo
1091 3808 1285 3873 jedoch

261 3873 355 3926 das
381 3872 605 3927 Verbum
632 3876 746 3928 eine
771 3875 956 3928 andere
982 3876 1286 3943 Bedeutung

1454 3404 1534 3453 16.
1579 3404 1826 3468 existimo
1860 3425 1930 3445 =
1964 3402 2179 3463 iudice,
2231 3402 2407 3454 woher

1382 3472 1748 3522 existimator:
1791 3470 1881 3522 der
1914 3469 2281 3523 Kunstrichter.

1457 3541 1536 3593 17.
1573 3540 1869 3589 avunculus
1905 3543 2056 3601 tuus,
2090 3535 2157 3589 M.
2196 3537 2406 3591 Porcius

1385 3605 1511 3658 Cato
1566 3605 1822 3658 Uticensis
1882 3607 1944 3670 (e.
1989 3622 2054 3658 zu
2101 3606 2136 3659 1.
2175 3609 2257 3671 30,
2306 3609 2406 3672 74),

1385 3673 1572 3726 dessen
1606 3673 2022 3726 Halbschwester
2058 3674 2274 3727 Servilia
2316 3675 2406 3727 des

1385 3740 1574 3795 Brutus
1623 3739 1812 3794 Mutter
1847 3757 1982 3795 ‹war.
2056 3743 2141 3809 (Er
2178 3758 2286 3794 war
2320 3759 2407 3794 zu-

1389 3810 1556 3877 gleich
1602 3809 1692 3862 des
1737 3808 1822 3864 Br.
1862 3809 2338 3877 Schwiegervater.)

1461 3879 1542 3931 18.
1577 3880 1757 3928 subter
1790 3895 1861 3930 se.
1917 3878 2009 3931 Die
2046 3878 2193 3945 Prfip.
2227 3881 2406 3929 subter
