2834 4317
208 1131 267 1182 10

208 1557 266 1606 15

993 181 1180 235 [ABER
1211 182 1287 236 111.
1324 186 1406 248 23,
1427 185 1508 236 56.
1530 186 1609 238 57.
1648 186 1730 247 24,
1751 185 1832 237 57.

2369 181 2449 240 37

486 354 712 434 Duplex
758 365 849 416 est
889 355 1070 432 igitur
1102 354 1258 437 ,ratio
1300 355 1424 415 veri
1464 354 1838 434 reperiendi,
1882 374 2004 416 non
2039 356 2098 417 in
2141 356 2213 419 iis
2241 356 2452 431 solum,
2498 364 2557 414 56

315 458 465 519 quae
496 441 663 513 mala,
695 440 798 502 sed
828 441 891 501 in
922 440 993 501 iis
1023 440 1229 514 etiam,
1262 457 1411 519 quae
1441 439 1599 501 bona
1626 440 1932 515 videntum
1976 459 2111 502 nam
2140 451 2243 502 aut
2271 441 2462 522 ipsius.

313 525 399 585 rei
429 535 642 587 natura
670 525 861 604 qualis
891 533 951 585 et
977 534 1198 604 quanta
1228 525 1306 586 sit
1333 525 1702 602 quaerimus,
1747 535 1814 585 ut
1840 527 1913 586 de
1942 537 2288 607 paupertate
2329 547 2453 588 non

314 628 660 688 numquam,
692 611 863 672 cuius
892 629 1047 672 onus
1075 610 1432 690 disputando
1453 609 1732 684 levamus,
1763 610 2046 673 docentes
2074 630 2250 690 quam
2281 630 2455 692 parva

311 705 371 755 et
398 714 579 774 quam
605 714 793 775 pauca
823 696 945 756 sint
972 713 1123 775 quae
1153 707 1364 756 natura
1394 694 1719 770 desideret,
1759 706 1861 756 aut
1886 715 1919 755 a
1948 695 2286 776 disputandi
2314 697 2456 758 sub-

317 780 523 841 tilitate
554 780 883 842 orationem
912 781 985 842 ad
1017 780 1281 861 exempla
1310 779 1693 842 traducimus.
1755 780 1865 841 Hic
1895 781 2169 843 Socrates
2197 800 2457 843 comme-

312 876 596 940 moratur,
627 866 723 927 hic
754 866 1068 945 DiogeneS,
1097 865 1194 927 hic
1227 865 1618 927 Caecilianum
1649 865 1819 926 illud:

617 950 796 1032 Sae'pe
823 962 904 1013 est
930 955 1102 1013 etiam
1129 950 1233 1014 sitb
1256 951 1494 1031 palliolo
1522 952 1752 1013 sordido
1781 952 2083 1031 sapientia.

313 1035 458 1096 Cum
501 1036 664 1097 enim
705 1037 1069 1116 paupertatis
1116 1055 1231 1097 una
1271 1038 1597 1114 eademque
1632 1037 1708 1097 sit
1736 1036 1850 1108 vis,
1894 1036 2174 1115 quidnam
2204 1035 2318 1096 dici
2349 1054 2458 1115 po·

310 1130 428 1181 test
455 1139 632 1199 quam
663 1122 739 1182 ob
772 1140 895 1182 rem
922 1122 983 1184 C.
1015 1121 1288 1182 Fabricio
1320 1120 1643 1183 tolerabilis
1680 1140 1746 1181 ea
1782 1122 1978 1195 suerit,
2013 1121 2109 1182 alii
2142 1130 2365 1200 negent
2394 1138 2457 1181 se

312 1206 469 1266 ferre
511 1204 730 1284 posse?
783 1206 934 1267 Huic
974 1207 1156 1286 igitur
1197 1207 1363 1267 alteri
1404 1206 1611 1283 generi
1652 1206 1857 1268 similis
1901 1215 1991 1268 est
2030 1225 2095 1267 ea
2126 1207 2276 1266 ratio
2309 1223 2456 1266 con·
2501 1223 2558 1271 57

311 1290 570 1363 solandi,
617 1310 768 1370 quae
808 1292 984 1353 docet
1012 1294 1269 1354 humana
1300 1310 1430 1353 esse
1461 1309 1611 1370 quae
1640 1291 1983 1352 acciderint.
2038 1290 2172 1351 Non
2208 1290 2365 1350 enim
2399 1289 2457 1350 id

312 1375 504 1436 solum
556 1376 828 1437 continet
869 1395 936 1438 ea
980 1376 1331 1456 disputatio,
1389 1387 1455 1437 ut
1499 1376 1905 1456 cognitionem
1948 1377 2171 1437 adserat
2221 1375 2470 1454 generis-

312 1460 588 1529 humani.
632 1462 735 1522 sed
779 1462 1072 1541 significat
1115 1460 1442 1524 tolerabilia
1473 1481 1600 1523 esse
1632 1480 1783 1541 quae
1814 1471 1880 1521 et
1900 1460 2147 1522 tulerint
2178 1470 2236 1520 et
2264 1461 2457 1520 ferant

308 1546 512 1607 ceteri.
553 1547 639 1608 De
667 1557 1016 1627 paupertate
1031 1548 1244 1626 agitur,
1265 1548 1437 1609 multi
1459 1546 1753 1626 patientes
1775 1564 2068 1626 pauperes
2090 1564 2450 1606 commemo·
2486 1553 2562 1608 24

309 1640 548 1707 rantur;
593 1632 667 1693 de
697 1635 1139 1694 contemnendo
1169 1633 1427 1707 honore,
1471 1632 1642 1693 multi
1684 1631 2023 1693 inhonorati
2068 1632 2461 1711 proferuntur

309 1726 370 1776 et
411 1716 648 1795 quidem
691 1727 942 1797 propter
970 1717 1028 1778 id
1057 1718 1253 1797 ipsum
1281 1718 1605 1792 beatiores,
1646 1735 2005 1796 eorumque,
2037 1716 2139 1796 qui
2169 1717 2458 1797 privatum

306 1882 408 1935 den
429 1883 583 1948 kann,
615 1883 728 1937 dats
759 1899 878 1937 man
904 1900 968 1937 ιιι
993 1900 1106 1936 non
1126 1887 1190 1938 id
1217 1884 1337 1947 effi·

308 1953 461 2002 ciunt
483 1951 848 2018 hinzuergiinzt
870 1955 989 2019 ipsa
1006 1970 1109 2020 per
1129 1971 1203 2009 ee.
1246 1952 1338 2005 Die

309 2034 469 2082 ganze
484 2018 647 2072 Stelle
666 2020 796 2072 istiu
817 2020 907 2073 der
920 2023 1338 2088 gegenwiirtigen

307 2086 541 2152 Fassung
567 2087 750 2140 unklar
783 2089 889 2140 und
913 2089 1338 2143 wahrscheinlich

307 2169 545 2219 ungenau
580 2155 893 2209 iiberliefert.

377 2226 427 2276 3.
451 2224 629 2289 qualis
662 2230 715 2275 et
748 2229 967 2291 quanta,
1004 2241 1046 2280 s,
1079 2241 1144 2277 zu
1170 2229 1218 2289 5,
1247 2229 1336 2280 11:

310 2292 444 2357 quid
475 2296 529 2342 et
561 2292 734 2357 quale.

378 2360 444 2410 de
478 2365 830 2426 paupertate,
882 2375 1033 2412 wozu
1081 2375 1173 2413 aus
1219 2360 1334 2412 dem

308 2426 774 2492 Vorhergehenden
819 2428 975 2480 leicht
1028 2431 1339 2494 quaerimus

308 2497 520 2561 erginzt
567 2496 773 2548 werden
821 2495 982 2556 kaun3
1028 2498 1152 2548 aber
1205 2497 1335 2549 auch

309 2564 444 2615 ohne
464 2563 796 2629 Verbindung
819 2566 911 2616 mit
934 2564 1099 2617 einem
1124 2565 1337 2616 solchen

308 2630 532 2684 Verbum
579 2632 796 2684 dicendi
839 2632 924 2685 od.
957 2634 1226 2684 sentiendi
1270 2634 1339 2685 ist

306 2699 580 2756 hisweilen
614 2701 680 2750 de
713 2700 764 2751 in
784 2700 874 2753 der
886 2698 1192 2768 Bedeutung
1208 2698 1344 2753 ‘hin-

310 2767 574 2831 sichtlich‚
623 2768 676 2819 in
711 2767 888 2834 Bezug
922 2760 1026 2820 auf'
1062 2769 1343 2835 gebraucbt

310 2835 548 2900 worden,
593 2835 694 2886 wie
738 2835 803 2888 de
852 2852 927 2892 or.
969 2837 1048 2902 111,
1091 2839 1174 2899 60,
1218 2840 1341 2890 224:

309 2904 391 2953 De
440 2920 545 2968 quo
592 2904 732 2954 illud
770 2907 882 2955 iam
933 2906 1075 2956 nihil
1126 2907 1198 2956 ad
1245 2908 1343 2958 hoc

300 2973 679 3038 praecipiendi
712 2989 908 3037 genum
947 2973 1012 3024 de
1049 2972 1134 3025 off.
1182 2973 1218 3024 1.
1260 2978 1342 3036 15,

310 3043 403 3092 47:
437 3040 520 3089 De
543 3040 897 3093 benivolentia
930 3046 1110 3092 autem
1147 3079 1162 3095 .
1185 3078 1200 3094 .
1224 3045 1344 3108 pri-

310 3125 457 3159 mum
480 3108 623 3158 illud
646 3114 725 3159 est
745 3111 806 3159 in
837 3108 1039 3172 officio·

381 3180 431 3229 7.
488 3176 852 3228 Caecilianum
905 3177 1061 3229 illud.
1143 3175 1339 3229 Statius

312 3244 535 3296 Cficilius
555 3244 783 3312 Insuber,
824 3246 955 3297 nach
981 3244 1111 3298 Gell.
1135 3244 1245 3299 XV.
1273 3247 1339 3299 24

311 3312 404 3365 der
444 3313 592 3364 beste
624 3313 880 3366 romische
915 3312 1186 3375 Komiker,
1221 3314 1337 3365 salit

312 3382 404 3433 der
423 3380 535 3432 Zeit
556 3381 689 3433 nach
716 3381 974 3434 zwischen
993 3381 1208 3434 Plautus
1231 3383 1334 3433 und

311 3448 542 3508 Tereum
591 3464 647 3501 er
692 3449 831 3501 starb
884 3451 998 3503 168.
1069 3449 1335 3502 welchem

314 3516 510 3570 Stucke
533 3532 636 3568 von
660 3517 766 3568 ihm
790 3517 883 3569 das
907 3518 1043 3570 Gitat
1066 3517 1333 3585 angehort,

314 3587 384 3636 ist
417 3583 734 3636 unbekannt.

383 3655 432 3705 9.
466 3670 579 3704 una
614 3654 923 3719 eademque:
961 3669 1055 3705 nur
1089 3653 1204 3704 eine
1228 3650 1333 3704 und

315 3721 497 3773 immet
521 3720 773 3779 dieselbe;
810 3721 945 3773 deun
962 3713 1071 3772 ‘ein
1095 3720 1197 3773 und
1222 3720 1334 3772 der-

315 3781 476 3841 selbe'
511 3788 668 3840 heisst
702 3787 791 3840 lat.
827 3805 923 3841 nur
956 3789 1116 3840 idem.

387 3860 466 3910 10.
506 3857 560 3909 G.
590 3856 880 3908 Fabricius
914 3857 1179 3908 Luscinus
1203 3857 1332 3909 wies

1437 1883 1788 1948 bekanntlich,
1824 1885 1923 1938 280
1947 1884 2079 1936 nach
2101 1883 2192 1936 der
2217 1883 2461 1936 Scblacht

1441 1954 1523 2004 bei
1559 1952 1801 2004 Heraclea
1837 1968 1901 2005 zu
1933 1952 2162 2020 Pyrrhus
2196 1952 2326 2005 nach
2361 1950 2461 2003 Ta-

1439 2027 1554 2092 ren).
1587 2020 1870 2086 geschickt,
1906 2020 1997 2072 das
2025 2019 2154 2072 Gold
2189 2019 2458 2073 desselben

1440 2090 1535 2140 mit
1567 2087 1898 2154 Verachtung
1932 2088 2141 2141 zuriick.

1512 2159 1592 2211 11.
1617 2157 1757 2209 Huic
1780 2157 1938 2208 alieri
1952 2161 2147 2222 generi
2160 2150 2360 2208 ‘Weise
2393 2171 2459 2208 zu

1440 2218 1719 2290 belehren'‚
1754 2224 1907 2277 niiml.
1944 2224 2102 2277 durch
2138 2224 2410 2291 Beispiele.

1510 2295 1590 2346 13.
1627 2295 1987 2357 cognitionem
2021 2309 2148 2360 gen.
2172 2295 2333 2357 hum„
2366 2291 2466 2342 mit

1438 2359 1617 2427 Bezug
1639 2360 1730 2412 auf
1750 2362 1782 2423 ὅ
1806 2362 1896 2413 55:
1921 2364 2016 2426 qui
2039 2363 2352 2426 cognoverit
2370 2376 2458 2410 ne-

1441 2443 1579 2479 cesse
1615 2445 1723 2479 esse
1750 2429 1957 2479 homini
1988 2429 2094 2479 tale
2128 2428 2342 2493 aliquid
2372 2443 2461 2479 ac-

1441 2497 1630 2548 cidere.
1692 2495 1808 2562 Vgl.
1844 2496 2129 2549 aurserdem
2166 2512 2231 2548 zu
2270 2499 2350 2561 16,
2376 2499 2465 2548 34.

1399 2594 1403 2598 ·
1445 2593 1507 2602 —
1533 2563 1703 2643 Dprch
1738 2580 1848 2615 non
1882 2565 2057 2615 solum
2079 2593 2145 2602 —
2179 2564 2276 2615 sed
2305 2564 2459 2628 (ohne

1442 2635 1621 2697 etiam)
1641 2631 1765 2685 wird
1791 2631 1881 2684 das
1904 2631 2107 2685 Erstere
2131 2631 2210 2684 als
2233 2632 2462 2697 weniger

1446 2700 1660 2766 wicbtig
1679 2700 1894 2752 beiseite
1915 2701 2232 2766 geschobem
2252 2700 2356 2767 vgl.
2378 2702 2460 2764 22,

1448 2771 1538 2822 53:
1575 2785 1666 2819 nor
1721 2769 1876 2820 modo
1916 2806 1929 2820 .
1966 2807 1979 2820 .
2012 2771 2120 2821 aed.

1518 2840 1596 2889 15.
1686 2853 1714 2886 e
1759 2842 2083 2903 paupertate
2135 2839 2339 2902 agitur.

1446 2921 1565 2956 cum
1600 2934 1669 2945 —
1702 2908 1915 2970 agitur3
1952 2920 1994 2956 s,
2031 2921 2076 2957 ι.
2108 2904 2166 2957 11.
2202 2907 2285 2970 24,
2322 2906 2403 2958 58.

1506 2976 1775 3038 patientes
1794 2989 2070 3039 pauperes.
2113 2972 2185 3024 Da
2213 2973 2323 3025 hier
2347 2973 2461 3025 eine

1446 3056 1607 3105 ganze
1632 3040 1854 3093 Klasse
1879 3056 1982 3092 von
2006 3039 2283 3093 Menschen
2307 3056 2464 3107 ange-

1443 3108 1585 3160 suhrt
1619 3109 1772 3173 wird‚
1813 3123 1872 3160 so
1911 3124 2017 3161 war
2052 3109 2135 3161 die
2172 3108 2462 3162 Substanti-

1443 3176 1659 3243 vierung
1685 3192 1787 3229 von
1803 3192 2074 3243 pauperes
2107 3176 2210 3229 und
2236 3177 2317 3228 die
2340 3176 2463 3229 Hin-

1442 3243 1706 3310 zufiigung
1742 3245 1884 3296 eines
1920 3244 2167 3310 adjektiv.
2201 3243 2462 3298 Attributs

1441 3328 1505 3363 zu
1540 3312 1839 3365 demselben
1864 3313 2105 3379 moglich‚
2142 3312 2243 3363 wie
2269 3311 2331 3363 de
2368 3312 2457 3366 off.

1440 3378 1494 3431 ll.
1520 3383 1602 3445 20,
1632 3384 1723 3433 ’7οε
1761 3396 1940 3432 omnes
1973 3396 2082 3431 non
2105 3382 2340 3445 improbi
2361 3382 2460 3432 lm-

1438 3449 1589 3499 miles
1621 3477 1689 3486 —
1706 3449 2043 3514 praesidium
2068 3450 2173 3498 sibi
2199 3453 2460 3513 paratum

1435 3517 1637 3578 vident;
1681 3523 1840 3569 unten
1874 3514 1958 3569 lV.
1999 3518 2081 3582 35,
2121 3519 2207 3568 74:
2246 3520 2460 3581 aegroti

1436 3600 1546 3634 non
1583 3585 2017 3636 convalescentes.

1505 3657 2003 3704 commemorantur.
2076 3649 2195 3703 Mau
2239 3652 2457 3705 beachte

1435 3719 1518 3772 die
1553 3719 2023 3786 Mannigfaltigkeit
2055 3720 2125 3771 im
2160 3720 2456 3774 Ausdruck:

1435 3787 1659 3840 nachher
1684 3785 2055 3853 proferuntur
2074 3815 2145 3826 —
2180 3788 2459 3854 laudatur,

1433 3872 1530 3907 nec
1564 3856 1756 3907 siletur
1790 3883 1856 3895 —
1885 3856 2293 3922 praedicantur.
