2834 4317
943 179 1132 231 ussa
1166 179 1202 232 1.
1240 183 1324 246 21,
1360 182 1444 244 48,
1479 182 1564 233 49.
1967 259 1971 264 ἢ
2255 178 2335 235 59
2418 152 2425 158 ’

191 370 428 430 eumque
459 360 823 413 venerantur
851 359 919 412 ut
946 352 1153 427 deum;
1199 351 1480 413 liberatos
1511 348 1669 411 enim
1702 369 1765 412 se
1810 369 1922 430 per
1963 370 2099 412 eum
2132 350 2339 413 dicunt

191 436 533 517 gravissimis
576 436 852 511 dominis,
897 446 1126 498 terrore
1159 436 1528 516 sempiterno
1573 444 1632 496 et
1674 435 1890 496 diurno
1937 455 2008 497 ac
2041 445 2337 498 nocturno

190 533 353 584 metu.
412 522 552 592 Quo
583 519 856 583 terrore?
897 540 1018 600 quo
1050 519 1262 583 metu?
1305 540 1456 601 quae
1498 528 1588 582 est
1630 539 1781 582 anus
1823 529 1941 582 tam
1973 521 2156 583 delira
2188 540 2339 601 quae

188 609 373 669 timeat
395 606 531 682 ista,
557 626 708 687 quae
730 626 834 669 vos
858 606 1143 682 videlicet,
1167 607 1216 668 si
1238 607 1481 688 physica
1506 625 1631 668 non
1655 605 2024 680 didicissetis,
2048 606 2340 668 timeretis

136 702 157 749 5
188 692 526 755 Acherunsia
556 692 764 773 templa
793 692 915 755 alta
951 691 1105 764 Orci,
1143 690 1369 773 pallida
1407 692 1522 764 leti,
1569 690 1838 753 obnubila
1881 692 2125 754 tenebris
2169 689 2338 753 loca?

189 778 308 838 Non
323 777 511 858 pudet
521 777 945 858 philosophum
967 777 1029 838 in
1044 796 1115 839 eo
1131 777 1393 855 gloriari,
1414 778 1573 857 quod
1590 777 1735 838 baec
1752 794 1873 838 non
1892 777 2093 839 timeat
2105 785 2165 838 et
2178 777 2340 856 quod

191 864 314 925 falsa
339 881 471 925 esse
490 861 880 942 cognoverit?
905 862 953 923 E
970 881 1087 941 quo
1111 862 1590 942 intellegipotest
1606 881 1781 942 quam
1800 863 1955 923 acuti
1974 871 2184 924 natura
2199 863 2338 942 sint,

191 949 455 1027 quoniam
488 948 634 1010 haec
664 948 794 1010 sine
824 947 1090 1010 doctrina
1123 948 1406 1009 credituri
1436 949 1701 1010 fuerunt.
1732 947 2114 1009 Praeclarum
2143 957 2340 1009 autem
2385 955 2444 1004 49

193 1034 378 1096 nescio
424 1033 570 1113 quid
600 1034 797 1113 adepti
829 1042 989 1108 sunt,
1024 1034 1183 1113 quod
1215 1033 1554 1095 didicerunt
1581 1052 1663 1109 se,
1697 1051 1831 1094 cum
1865 1042 2099 1112 tempus
2130 1033 2337 1095 mortis

68 1121 69 1130 ’
122 1125 161 1174 10
190 1120 447 1194 venisset,
480 1127 640 1180 totos
671 1138 801 1181 esse
831 1119 1150 1199 perituros.
1199 1118 1371 1189 Quod
1394 1128 1465 1180 ut
1485 1118 1561 1179 ita
1592 1118 1924 1180 sit—nihil
1948 1118 2105 1179 enim
2129 1137 2336 1199 pugno

194 1237 281 1278 —-‚
295 1205 432 1283 quid
457 1203 640 1266 habet
659 1203 769 1266 ista
791 1222 889 1266 res
909 1212 1012 1265 aut
1031 1203 1298 1265 laetabile
1321 1212 1426 1265 aut
1444 1200 1813 1282 gloriosum?
1836 1203 1959 1265 Nec
1975 1213 2173 1264 tamen
2192 1203 2335 1265 mihi

194 1308 321 1350 sane
351 1290 670 1369 quicquam
702 1289 964 1351 occurrit
1007 1307 1117 1350 cur
1159 1308 1282 1350 non
1314 1289 1683 1369 Pythagorae
1712 1288 1790 1350 sit
1818 1296 1877 1348 et
1904 1288 2170 1350 Platonis
2199 1306 2336 1349 vera

196 1376 494 1436 sententia.
555 1374 634 1436 Ut
663 1375 826 1436 enim
854 1375 1150 1436 rationem
1180 1374 1345 1435 Plato
1390 1372 1611 1435 nullam
1644 1373 1901 1434 adferret
1922 1408 2007 1419 —
2030 1373 2161 1433 vide
2194 1373 2336 1452 quid

197 1459 402 1521 homini
430 1459 694 1522 tribuam
722 1495 827 1534 —‚
859 1461 983 1540 ipsa
1014 1459 1363 1521 auctoritate
1391 1477 1488 1519 me
1516 1460 1852 1538 frangeret3
1896 1466 1986 1518 tot
2015 1466 2212 1519 autem
2240 1476 2335 1519 ra·

129 1549 168 1598 15
197 1543 368 1608 tiones
390 1545 608 1619 attulit,
641 1555 708 1607 ut
736 1545 884 1607 velle
914 1545 1148 1619 ceter-ie,
1180 1544 1293 1607 sibi
1324 1553 1488 1606 certe
1514 1543 1880 1623 persuasisse
1909 1542 2192 1605 videatur.

198 1676 354 1730 heirst:
397 1683 653 1731 inventor
698 1683 750 1729 et
779 1681 1028 1745 princeps
1064 1678 1204 1730 Stoi-

197 1760 359 1798 corum
390 1746 522 1808 fuit.

258 1818 298 1868 1.
340 1820 404 1867 ut
452 1816 627 1867 deum.
717 1812 786 1866 So
822 1814 1020 1867 Lucret.
1057 1812 1121 1880 V,
1147 1817 1203 1869 8:

199 1881 462 1935 dicendum
498 1888 594 1948 est,
630 1882 759 1934 deus
791 1883 886 1934 ille
918 1881 1051 1946 fuit.

253 1954 297 2003 4.
328 1953 580 2004 videlieet
610 1943 927 2016 ‘natfirlich',
962 1950 1202 2004 ironisch.

255 2022 297 2071 5.
328 2021 670 2073 Aelim-misia
705 2019 901 2086 templa
935 2024 1033 2071 cet.
1105 2019 1203 2071 Re-

197 2087 523 2142 miniscenzen
575 2102 671 2141 aus
714 2087 803 2139 der
848 2087 1203 2140 Andromacha

196 2153 272 2207 des
302 2156 512 2209 Ennius.
571 2154 808 2208 Ribbeck
842 2155 1204 2209 konstituierte

195 2222 348 2277 trahet
380 2227 526 2278 diese
562 2221 722 2277 Verse
758 2239 843 2276 so:

193 2288 518 2346 'Acherunsia
542 2289 738 2358 tempta
762 2293 875 2344 alta
904 2292 1045 2357 Orci,
1080 2289 1203 2344 sa'n-

609 2365 716 2425 eta‚
750 2362 966 2422 salvete,
1003 2358 1203 2427 infera,

195 2427 386 2482 Pallida
405 2432 520 2496 leti,
543 2429 797 2482 obnubila
822 2430 1057 2480 tenebris
1071 2465 1135 2548 io.
1154 2465 1169 2481 .
1188 2466 1202 2481 .

1127 2513 1207 2561 ea,

197 2576 269 2615 wo
318 2566 411 2617 leti
460 2580 566 2617 von
618 2565 736 2616 laea
790 2564 1049 2630 abbiam,
1101 2564 1205 2616 und

195 2628 373 2685 Vahlen
411 2637 575 2686 setzte
609 2633 662 2685 in
699 2633 798 2685 den
836 2635 884 2684 2.
907 2630 1035 2685 Vers
1069 2632 1205 2684 noch

196 2696 332 2765 dtn‘s,
362 2699 600 2753 aeternis
630 2702 730 2754 ein.
776 2700 832 2753 ln
857 2700 947 2753 der
971 2703 1022 2753 2.
1040 2700 1203 2766 Ansg.

197 2766 274 2818 der
321 2769 474 2836 Trag.
526 2770 635 2822 Lat.
680 2768 794 2821 rell.
841 2786 892 2837 p.
941 2771 1008 2822 24
1060 2769 1206 2821 stelit

196 2833 407 2891 Ribbeck
418 2837 552 2891 noch
563 2838 677 2891 eine
687 2836 875 2889 andere
889 2836 1206 2903 Vermutung

197 2903 284 2957 aus.
325 2935 394 2948 -
451 2906 667 2971 Templa
718 2904 833 2958 sind
887 2904 997 2957 bier
1047 2906 1205 2959 weite

197 2969 369 3027 Riiume
414 2973 720 3040 tibet-haupt,
756 2974 857 3026 wie
893 2973 977 3025 bei
1012 2972 1206 3028 Ennius

198 3041 310 3093 Anu.
334 3043 368 3096 1.
396 3044 458 3099 fr.
483 3045 550 3096 34
583 3041 825 3108 (Vahlen)
859 3041 950 3094 der
982 3041 1203 3096 Himmel

201 3111 317 3161 caeli
348 3112 567 3164 caerula
592 3111 790 3177 templa
815 3111 918 3162 und
943 3110 1026 3162 bei
1051 3110 1204 3164 Pleu-

201 3182 270 3229 tus
301 3179 403 3233 Mil.
428 3179 485 3232 11.
511 3184 560 3245 5,
587 3182 617 3231 3
644 3179 735 3231 das
757 3176 899 3231 Meet
922 3179 1041 3231 laea
1064 3178 1206 3246 Nep-

202 3247 336 3298 tunia
361 3249 662 3314 templaque
695 3247 1005 3299 turbulenta
1031 3247 1203 3301 heirst.

256 3316 298 3366 6.
331 3316 456 3370 Nan
488 3317 657 3383 pudet
689 3321 786 3368 cet.
822 3314 926 3381 vgl.
963 3330 1027 3368 zu
1053 3317 1102 3379 8,
1125 3318 1204 3371 17.

255 3384 309 3435 in
375 3402 436 3437 ee
488 3386 730 3450 gloriari
794 3382 969 3435 darein
1027 3385 1205 3437 seinen

199 3445 344 3504 Ruhm
379 3456 573 3505 setzen.
643 3451 760 3518 Vgl.
796 3450 860 3503 de
886 3451 1027 3505 deor.
1053 3468 1101 3505 n.
1126 3452 1205 3505 111.

200 3518 269 3580 36,
286 3522 373 3573 87:
406 3523 468 3571 in
489 3523 695 3572 virtute
716 3524 861 3572 reete
876 3521 1204 3585 gloriamur.

256 3589 299 3640 8.
322 3589 589 3642 credituri
603 3587 834 3651 fuerunt
850 3588 932 3639 fiir
950 3588 1207 3640 credidis·

195 3661 312 3720 tent,
346 3671 456 3710 was
491 3657 582 3710 der
624 3656 1038 3723 gewiibnlichere
1073 3657 1205 3710 Aus-

199 3718 343 3776 druck
380 3727 531 3780 wiire.
588 3724 697 3778 Aus
725 3727 875 3791 jener
900 3724 1049 3777 Form
1085 3726 1207 3778 aber

199 3789 371 3846 erklirt
415 3808 473 3846 es
515 3794 654 3860 sich,
704 3808 901 3845 warum
945 3798 1072 3845 statt
1114 3794 1206 3847 des

201 3855 330 3925 Gonj.
379 3860 586 3931 Piqups.
639 3863 710 3915 im
760 3861 1071 3928 Hauptsatze
1117 3862 1208 3916 der

1307 1677 1579 1745 hypothet.
1640 1675 2108 1741 Satzverbindung,
2181 1691 2335 1728 wenn

1307 1745 1450 1797 diese
1493 1761 1597 1798 von
1652 1746 1793 1798 einer
1840 1742 2196 1810 Konjunktion
2248 1744 2338 1796 ab·

1308 1814 1501 1880 biiugig
1526 1814 1672 1877 wird,
1711 1813 1908 1866 welche
1945 1829 2010 1864 an
2035 1812 2146 1864 sich
2175 1813 2336 1865 sebon

1307 1882 1408 1934 den
1443 1882 1599 1946 Konj.
1634 1883 1846 1948 regiert,
1882 1881 1973 1934 der
1999 1881 2147 1947 Conj.
2173 1879 2334 1934 Pers.

1308 1950 1398 2002 der
1443 1951 1749 2017 periphrast.
1785 1949 2134 2016 Konjugation
2181 1948 2338 2002 steht.

1376 2018 1754 2082 Praeclarum,

1307 2086 1551 2142 ironisch.

1379 2158 1461 2208 10.
1483 2155 1639 2220 Quod
1654 2159 1718 2207 ut
1750 2157 1829 2206 ita
1853 2156 1943 2218 eit,
1977 2153 2201 2207 nfimlich
2224 2152 2336 2206 dass

1307 2221 1391 2274 die
1443 2223 1628 2276 Seelen
1673 2222 1919 2276 sterblicb
1963 2223 2119 2275 seien.
2193 2221 2337 2274 Hier-

1309 2290 1437 2342 iiber
1473 2290 1582 2342 will
1617 2291 1728 2343 sich
1752 2290 1852 2344 Cic.
1888 2291 1940 2341 in
1965 2290 2154 2344 keinen
2180 2289 2338 2343 Streit

1308 2358 1402 2409 mit
1437 2357 1536 2410 den
1573 2356 1888 2425 Epikureern
1925 2358 2198 2411 einlessen.

1378 2428 1461 2478 12.
1498 2429 1756 2492 occurrit,
1792 2426 1892 2477 wie
1916 2425 1949 2490 ὃ
1974 2428 2038 2479 51
2064 2424 2168 2478 und
2192 2424 2335 2478 Brut.

1309 2500 1357 2559 7,
1383 2497 1475 2548 26:
1512 2495 1577 2545 In
1617 2493 1897 2545 Graeciam
1940 2509 2061 2544 eum
2104 2496 2335 2557 intuear,

1308 2565 1546 2615 maxime
1576 2564 1713 2613 mihi
1747 2566 2045 2612 occurrunt
2073 2562 2336 2626 Athenae,

1375 2632 1622 2683 Platonis
1644 2658 1712 2667 —-
1733 2631 2016 2692 sententia,
2040 2627 2156 2682 dats
2179 2629 2335 2683 niiml.

1307 2700 1397 2752 der
1433 2698 1578 2752 Geist
1615 2696 1930 2750 unsterblich
1964 2698 2059 2752 sei.

1377 2770 1459 2822 14.
1493 2765 1705 2821 homini
1736 2766 1817 2819 fiir
1850 2769 1917 2831 ei,
1952 2767 2006 2818 in
2039 2765 2215 2832 Bezug
2249 2767 2342 2819 auf

1307 2836 1423 2889 eine
1468 2837 1630 2888 sehon
1677 2840 1933 2902 genennte
1978 2833 2197 2900 Person,
2251 2834 2335 2887 bei

1308 2905 1414 2958 Cic.
1441 2903 1678 2956 ziemlicb
1703 2902 1877 2970 hiiufig
1901 2902 2051 2967 (auch
2076 2906 2180 2967 vir,
2216 2903 2336 2955 aber

1308 2972 1453 3025 nicht
1476 2976 1565 3025 hie
1587 2976 1743 3024 hamo
1763 2974 1899 3037 cet),
1924 2987 1968 3024 z.
1989 2970 2045 3024 B.
2063 2970 2120 3022 ΙΙ.
2140 2974 2224 3028 27.
2242 2974 2334 3025 65:

1307 3046 1371 3092 ut
1392 3046 1472 3092 est
1493 3046 1683 3107 captus
1706 3042 2004 3100 hominunm
2041 3039 2104 3092 V.
2131 3042 2213 3105 21,
2239 3042 2334 3094 61:

1307 3110 1586 3161 conlocari
1605 3111 1765 3161 iuuit
1787 3110 2051 3160 hominem
2083 3110 2146 3159 in
2169 3125 2335 3162 aureo

1309 3177 1471 3239 leeto;
1510 3177 1703 3229 ebenso
1739 3192 1852 3227 rem
1888 3177 1969 3229 fiir
2002 3177 2066 3228 id
2099 3179 2182 3242 37,
2207 3179 2290 3231 89.

1374 3249 1493 3311 ipsa
1513 3245 1715 3308 (sehon)
1734 3248 2057 3297 auctoritate
2073 3260 2156 3295 me
2176 3242 2335 3306 fran-

1305 3318 1476 3378 geret.
1528 3311 1601 3365 De
1627 3311 1730 3365 div.
1755 3313 1793 3365 1.
1818 3316 1903 3378 30,
1922 3315 2014 3366 62:
2051 3313 2207 3364 Hunc
2239 3317 2334 3378 (sc.

1308 3383 1632 3446 Epicurum)
1684 3385 1973 3448 antepones
2024 3381 2242 3432 Platoni
2284 3387 2337 3433 et

1308 3452 1562 3504 Socrati?
1596 3451 1692 3516 qui
1712 3455 1778 3500 ut
1798 3453 2063 3502 rationem
2085 3464 2194 3501 nan
2217 3451 2338 3502 red-

1308 3521 1510 3585 derent,
1547 3520 1877 3570 auctoritate
1900 3522 2082 3569 tamen
2105 3518 2200 3569 Itos
2235 3522 2336 3570 mi-

1307 3591 1469 3639 nutos
1495 3587 1841 3653 philosophos
1876 3588 2169 3640 vincerent.
2217 3586 2338 3654 Vgl.

1309 3656 1442 3708 auch
1478 3656 1611 3707 oben
1653 3658 1732 3720 17,
1759 3657 1825 3706 40
1860 3655 1972 3707 init.

1381 3726 1464 3778 15.
1500 3722 1633 3774 velle
1662 3725 1868 3788 ceteris,
1902 3738 1975 3775 sc.
1994 3723 2338 3788 persuadere.

1308 3792 1375 3844 Es
1419 3793 1550 3856 liegt
1593 3791 1736 3843 dai-in
1784 3791 1873 3843 der
1907 3788 2177 3853 Gedanke,
2223 3789 2339 3843 dats

1307 3859 1461 3912 Plato
1495 3858 1638 3911 diese
1663 3857 1947 3926 Wahrbeit,
1986 3873 2088 3910 von
2112 3856 2339 3909 welcher-

1842 2018 1953 2070 hier
1966 2057 1981 2084 ‚
2063 2019 2161 2070 wie
2242 2016 2335 2082 ost,
