2834 4317
444 159 567 219 136
1260 158 1451 212 LIBER
1487 159 1548 212 V.
1585 161 1668 226 23,
1687 162 1770 213 64.

441 350 582 394 eum
613 331 867 393 alterum
888 331 1092 393 vadem
1114 332 1319 394 mortis
1343 331 1685 411 accepisset,
1728 331 1893 406 alter,
1928 339 1997 391 ut
2029 332 2231 392 vadem
2255 349 2425 393 suum
2450 330 2605 392 libe-

441 424 632 490 raret,
701 425 935 496 praesto
995 418 1202 479 fuisset
1257 418 1329 479 ad
1372 417 1579 478 horam
1639 416 1848 478 mortis
1892 416 2278 489 destinatam,
2325 410 2604 478 ‘Utinam

442 522 576 600 eqo,
619 502 856 582 inquit,
903 507 1105 565 tertius
1145 502 1305 563 vobis
1336 506 1555 564 amicus
1597 491 2011 564 adscribererl'
2080 502 2269 573 Quam
2301 501 2440 562 huic
2471 511 2604 562 erat

441 589 726 650 miserum
751 606 954 649 carere
977 587 1411 649 consuetudine
1426 587 1771 660 amicorum,
1795 586 2075 648 societate
2088 588 2296 659 victus,
2320 605 2604 647 sermone

444 673 688 735 omnino
734 673 1023 746 familiari,
1068 672 1298 732 homini
1340 672 1689 752 praesertim
1736 673 1909 733 docto
1954 690 1986 732 a
2030 690 2217 751 puero
2264 680 2325 732 et
2375 671 2606 734 artibus
2649 684 2708 734 5.

442 758 722 838 ingenuis
751 758 1014 819 erudito!
1076 757 1437 819 Musicarum
1469 777 1606 819 vero
1639 757 2107 837 perstudiosum,
2151 765 2389 836 poetam
2422 758 2604 817 etiam

444 844 731 923 tragicum
761 875 846 887 -
875 861 1052 921 quam
1082 841 1345 916 honum,
1394 842 1541 903 nihil
1583 844 1653 903 ad
1698 860 1861 916 rem;
1905 842 1967 902 in
2011 843 2127 902 hoc
2172 842 2331 903 enim
2375 860 2606 919 genere

445 928 644 989 nescio
677 946 795 1005 quo
828 936 1000 1008 pacto
1031 929 1216 1006 magis
1247 947 1425 1007 quam
1449 928 1511 988 in
1536 928 1662 989 aliis
1691 945 1866 989 suum
1890 927 2104 1006 cuique
2137 927 2453 1006 pulchrum
2477 938 2604 1004 est;

442 1013 633 1074 adhuc
664 1012 963 1073 neminem
996 1013 1246 1092 cognovi
1291 1021 1529 1093 poetam
1560 1017 1643 1089 (et
1670 1012 1813 1073 mihi
1844 1013 1957 1073 fuit
2001 1031 2135 1074 cum
2164 1011 2421 1090 Aquinio
2452 1013 2604 1074 ami-

443 1097 633 1173 citia),
682 1098 783 1176 qui
813 1097 924 1159 sibi
956 1118 1079 1159 non
1113 1098 1369 1178 optimus
1409 1098 1742 1173 videretur3
1787 1098 1871 1159 sic
1912 1117 1975 1158 se
2004 1117 2100 1158 res
2128 1098 2333 1158 habet:
2388 1108 2446 1159 te
2481 1110 2607 1171 tua,
2652 1097 2710 1158 ω’
2792 1149 2795 1186 4

441 1202 536 1244 me
582 1184 878 1245 delectant
920 1202 1050 1244 mea
1105 1218 1221 1259 —,
1267 1184 1367 1245 sed
1413 1193 1482 1245 ut
1524 1183 1594 1244 ad
1640 1184 1985 1263 Dionysium
2045 1184 2385 1256 redeamus,
2434 1185 2606 1244 omni

442 1267 602 1330 cultu
651 1277 709 1329 et
739 1269 893 1329 victu
927 1269 1187 1330 humano
1220 1268 1488 1344 carebat3
1534 1268 1761 1329 vivebat
1790 1286 1925 1329 cum
1955 1267 2244 1347 fugitiviS,
2288 1287 2423 1330 cum
2455 1270 2604 1330 faci-

443 1354 692 1428 nerosis,
737 1373 874 1415 cum
916 1353 1214 1451 barbaris3
1249 1354 1580 1427 neminem,
1619 1354 1720 1432 qui
1764 1364 1867 1414 aut
1895 1353 2163 1413 libertate
2193 1354 2409 1433 dignus
2441 1364 2605 1416 esset
2709 1427 2714 1438 Ι

440 1447 541 1500 aut
569 1439 742 1500 vellet
774 1440 1023 1501 omnino
1053 1439 1204 1501 liber
1234 1458 1381 1513 esse,
1412 1439 1524 1500 sibi
1554 1440 1806 1499 amicum
1838 1437 2250 1499 arbitrabatur.

334 1518 410 1577 23
607 1525 740 1585 Non
773 1542 883 1603 ego
919 1525 1033 1585 iam
1080 1543 1214 1585 cum
1258 1524 1437 1585 huius
1466 1524 1614 1598 vita,
1665 1543 1776 1601 qua
1821 1524 2103 1596 taetriuS,
2148 1524 2445 1596 miseriuS,
2490 1525 2602 1585 de-

333 1602 393 1652 64
440 1608 769 1671 testahilius
799 1612 1136 1690 excogitare
1169 1610 1314 1671 nihil
1344 1628 1623 1689 possum,
1669 1609 1929 1670 Platonis
1974 1618 2074 1669 aut
2103 1609 2389 1689 Archytae
2420 1610 2603 1670 vitam

437 1693 831 1773 comparabo,
877 1695 1186 1756 doctorum
1218 1696 1528 1756 hominum
1560 1702 1619 1755 et
1645 1695 1821 1774 plane
1854 1695 2239 1774 sapientium
2289 1712 2359 1754 ex
2390 1696 2603 1756 eadem

438 1778 588 1840 urbe
620 1780 900 1840 humilem
931 1780 1362 1841 homunculum
1389 1799 1423 1841 a
1444 1781 1689 1860 pulvere
1720 1787 1779 1840 et
1808 1780 1972 1840 radio
1996 1779 2281 1853 excitabo,
2314 1780 2414 1858 qui
2443 1782 2616 1842 mul-

439 1864 514 1925 tis
543 1864 716 1925 annis
750 1872 884 1943 post
912 1866 1051 1938 fuit,
1093 1864 1526 1926 Archimedem.
1603 1865 1781 1927 Cuius
1812 1883 1923 1943 ego
1956 1873 2235 1943 quaestor
2262 1865 2604 1945 ignoratum

2649 1433 2795 1585 ω

506 2001 553 2049 4.
589 1999 859 2057 miserum,
896 2013 937 2049 s.
973 2014 1036 2049 zu
1060 1997 1094 2049 1.
1133 2001 1180 2062 5,
1206 2001 1266 2058 9;
1301 2003 1465 2050 socie-

438 2070 546 2117 tate
579 2068 751 2115 victus
789 2066 885 2116 wie
922 2066 1047 2126 2,5:
1081 2083 1191 2118 soe.
1228 2069 1383 2118 vitae.

1568 1998 1650 2051 lx.
1698 2003 1755 2050 7:
1802 1994 2236 2078 ὖπεραγαπῶσιν
2281 1996 2338 2049 οἷ
2374 2005 2604 2062 ποιηταὶ

1567 2065 1638 2118 τὰ
1685 2066 1855 2117 οἰκεῖα
1906 2059 2233 2135 πράγματα,
2286 2070 2605 2137 στέργοντες

506 2138 554 2187 5.
592 2135 747 2184 docto
772 2126 1066 2200 ‘sorgsaltig
1102 2131 1362 2200 gebildet'.

503 2205 551 2254 6.
604 2201 935 2253 Musicarum
971 2231 1039 2240 —-
1067 2204 1467 2269 perstudiosum

436 2274 534 2323 cet.
594 2268 800 2322 Wieder
840 2270 923 2322 ein
969 2270 1162 2337 infolge
1209 2270 1299 2323 der
1334 2271 1467 2323 Zwi-

434 2338 737 2390 schensfitze
772 2338 1165 2390 unvollendeter
1202 2339 1339 2403 Satz,
1378 2340 1469 2392 der

434 2414 569 2458 etwa
581 2406 674 2457 mit
686 2408 955 2471 tragicum
970 2410 1273 2473 accepimus
1281 2408 1466 2460 schlie-

434 2473 545 2525 ssen
590 2474 757 2526 sollte.
791 2503 858 2512 —-
885 2475 1215 2526 Musicarum
1259 2476 1328 2527 ist
1373 2476 1465 2528 das

433 2540 712 2607 Neutrum,
747 2542 849 2594 wie
902 2542 937 2595 1.
985 2545 1068 2608 24,
1105 2546 1196 2596 57:
1240 2547 1290 2595 si
1336 2560 1467 2609 geo—

431 2614 657 2661 metrica
693 2611 979 2665 didicisset.

495 2682 714 2744 poetam
743 2681 903 2729 etiam
936 2682 1219 2744 tragicum.
1257 2679 1463 2732 Lucian.

434 2745 549 2798 adv.
595 2745 786 2798 Indoct.
838 2750 926 2799 15:
972 2742 1184 2817 λέγεται
1224 2743 1332 2817 γὰρ
1372 2752 1466 2799 καὶ

433 2809 725 2864 Διονυσιον
759 2809 1079 2884 τραγῳδίαν
1112 2819 1292 2866 ποιεῖν
1327 2814 1465 2900 φαύ-

431 2878 538 2931 λως
585 2877 730 2933 πάνυ
773 2884 864 2932 καὶ
933 2875 1330 2965 eloim3312‘2'o‘ce
1361 2883 1465 2935 τὸν

435 2942 735 3008 Φιλόξενον
779 2900 1038 3000 anisam
1080 2920 1149 2999 δι
1201 2944 1372 3012 αὐτὴν
1412 2954 1464 3002 ἐς

430 3012 527 3066 τὰς
576 3012 833 3081 λατομίας
879 3017 1158 3096 ἐμπεσεῖν,
1199 3013 1262 3069 οὗ
1307 3014 1468 3070 δυνά-

429 3100 599 3147 μενον
635 3086 881 3146 κατέχειν
913 3081 1013 3136 τὸν
1056 3082 1285 3154 γέλωτα.
1349 3086 1464 3154 vgl.

430 3149 634 3204 Diodor.
668 3150 778 3203 XV.
816 3154 863 3204 6.

500 3222 546 3273 8.
583 3222 760 3271 neseio
793 3237 894 3285 quo
917 3226 1095 3287 pacto,
1130 3236 1171 3274 e.
1207 3238 1272 3274 zu
1308 3223 1464 3289 1.11‚

431 3288 523 3340 24.
561 3290 736 3340 nescio
774 3306 877 3354 quo
913 3289 1086 3341 moda.

499 3358 547 3411 9.
583 3360 862 3421 neminem,
898 3373 940 3410 s.
977 3357 1112 3413 zul.
1148 3361 1230 3423 41,
1261 3360 1355 3421 993
1395 3363 1461 3423 et,

431 3438 471 3475 s.
518 3423 653 3480 zuI.
691 3428 781 3490 38,
838 3397 928 3479 92:
972 3431 1026 3476 st
1061 3396 1301 3487 dubita&
1339 3441 1460 3477 eum

427 3493 694 3559 Aquinio,
755 3494 921 3545 einem
985 3493 1103 3545 sehr
1159 3494 1460 3547 schlechten

427 3556 660 3622 Dichter,
705 3559 796 3613 der
839 3561 968 3614 auch
1014 3577 1118 3613 von
1155 3561 1336 3614 Catull.
1376 3566 1457 3627 14,

434 3628 494 3679 18
549 3597 956 3692 spri’chwortlich
1017 3629 1320 3695 angefiihrt,
1371 3630 1459 3682 bei

430 3694 531 3746 Cic.
567 3694 810 3760 iibrigens
839 3697 1168 3759 andei-warte,
1206 3669 1369 3750 selb’st
1402 3698 1458 3750 in

429 3761 528 3813 den
562 3760 785 3827 Briefen,
824 3764 965 3816 nicht
1009 3765 1242 3816 erwahnt
1278 3765 1424 3821 wird.

501 3832 581 3883 10.
617 3833 795 3895 qui—
813 3833 1101 3885 videretur.
1153 3832 1308 3888 Arist.
1340 3833 1458 3886 Eth.

1572 2129 1978 2255 &agamiam
1983 2205 2131 2252 victu
2156 2204 2404 2267 humano,
2428 2210 2598 2255 etwa:

1571 2270 1686 2322 edle
1735 2270 1835 2321 und
1879 2270 2232 2335 genussreiche
2270 2241 2603 2338 Einrichtung

1570 2338 1662 2391 des
1672 2338 2053 2391 mensehlichen
2072 2338 2290 2403 Lebens,
2302 2338 2405 2404 vgl.
2420 2342 2503 2404 25,
2515 2344 2541 2391 7
2549 2341 2602 2392 2.

1642 2409 1721 2460 16.
1756 2408 2055 2474 Archytae,
2100 2422 2142 2458 s.
2178 2422 2242 2458 zu
2276 2405 2358 2458 lV.
2394 2408 2480 2472 36,
2517 2410 2602 2461 78.

1640 2478 1718 2528 18.
1773 2475 2023 2525 humilem
2070 2476 2477 2540 homunculum,
2528 2476 2601 2527 im

1566 2541 1807 2595 Hinbliek
1851 2542 1943 2594 auf
1983 2542 2073 2594 des
2113 2542 2444 2595 Archimedes
2494 2545 2602 2596 nie-

1568 2610 1719 2677 drige·
1759 2607 1997 2662 'Abkunft
2049 2611 2153 2662 und
2206 2610 2430 2677 dur-stige
2475 2610 2601 2663 Ver-

1567 2678 1830 2730 hfiltnisse.
1902 2678 1993 2732 Sil.
2028 2679 2139 2730 Ital.
2177 2677 2305 2731 xlv,
2343 2682 2470 2731 342:

1637 2746 1695 2799 V
1686 2749 1739 2797 ir
1782 2744 1898 2808 fuit
1941 2748 2244 2798 Isthmiacis
2293 2748 2452 2798 decus
2501 2752 2599 2798 im-

1974 2816 2202 2867 mortale
2239 2815 2455 2880 colonis,

1635 2882 1862 2946 Ingenio
1879 2881 2045 2943 facile
2056 2888 2182 2935 ante
2194 2899 2374 2934 omnes
2393 2884 2600 2935 telluris

1974 2952 2235 3017 alumnos,

1635 3018 1865 3070 Nudus
1890 3035 2106 3085 opum,
2140 3021 2235 3070 sed
2269 3022 2359 3070 cui
2392 3021 2595 3071 eaelum

1976 3092 2260 3153 terraeque
2290 3093 2547 3154 paterent.

1637 3172 1670 3206 a
1697 3155 1924 3221 pulvere
1958 3160 2010 3206 et
2050 3157 2209 3208 radio
2242 3156 2310 3208 ist
2344 3156 2595 3208 ebensalls

1569 3238 1671 3274 von
1727 3225 1972 3274 excitabo
2032 3224 2306 3289 abhangig.
2392 3223 2595 3276 Radius

1566 3290 1698 3342 hiess
1743 3290 1833 3343 das
1880 3291 2162 3356 Stfibchen‚
2210 3294 2298 3343 mit
2348 3293 2593 3344 welchem

1567 3357 1649 3410 die
1670 3358 2063 3412 Mathematiker
2079 3361 2130 3411 in
2157 3359 2273 3411 dem
2294 3359 2593 3413 Glasstaube

1561 3428 1805 3492 (pulvis),
1858 3429 2039 3479 womit
2074 3428 2149 3479 sie
2184 3427 2280 3480 den
2320 3426 2473 3480 Tisch
2509 3429 2595 3481 be-

1564 3499 1728 3547 streut
1762 3495 1959 3560 hatten,
1994 3496 2104 3548 ihre
2134 3495 2495 3562 Zeiehnungen
2530 3513 2592 3549 zu

1560 3563 1843 3616 entwerl'en
1869 3563 2110 3630 pflegten.
2164 3563 2330 3616 Daher
2354 3564 2419 3616 de
2454 3564 2591 3618 deor.

1561 3647 1611 3682 ιι.
1646 3631 1702 3684 11.
1745 3634 1822 3696 18,
1861 3633 1954 3684 48.
1996 3648 2288 3698 numquam
2324 3633 2593 3684 eruditum

1561 3700 1715 3749 illum
1732 3671 2010 3766 pu’lverem
2038 3702 2301 3765 attigistis
2326 3692 2429 3752 ‘ihr
2469 3701 2593 3753 habt

1561 3767 1646 3819 nie
1681 3766 2017 3820 Mathematik
2053 3763 2352 3834 gettieben’.

1634 3838 1713 3889 19.
1740 3851 1838 3901 ego
1858 3841 2124 3903 quaestor,
2153 3839 2213 3888 75
2232 3852 2281 3889 v,
2298 3837 2412 3889 Chr.
2445 3836 2590 3889 Ubri-
