2834 4317
912 170 1114 223 unsa.
1134 172 1209 224 111.
1250 176 1330 239 19,
1351 175 1432 226 45.
1452 175 1535 225 46.
1592 173 1675 239 20,
1691 175 1775 225 46.
2334 169 2412 229 31

266 344 447 407 Scitis
476 362 628 423 quae
658 353 1004 421 sequantur,
1037 351 1097 403 et
1125 345 1222 405 illa
1252 345 1312 405 in
1345 344 1583 423 primis:

261 438 265 443 ’
679 429 730 490 Ο
755 432 938 508 pater,
970 447 1002 489 o
1028 433 1248 507 patria,
1279 446 1312 490 ο
1346 426 1575 490 Pm'ami
1615 429 1835 500 domus,

674 512 947 593 Saeptum
979 513 1225 575 altisono
1256 515 1498 575 cardine
1522 512 1813 593 templum,

683 596 812 659 Vidi
838 599 936 676 eqo
964 608 1037 668 te,
1067 607 1287 660 astante
1316 617 1417 678 ope
1449 597 1765 669 barbarica,

676 681 853 745 Tectis
882 683 1130 753 caelatis,
1161 684 1455 763 laqueatis,

668 768 846 840 Auro,
876 766 1044 828 ebore
1073 773 1414 830 instructam
1445 767 1688 847 reqifice.

263 851 314 913 Ο
356 860 593 932 poetam
625 851 957 931 egregiuml
1006 872 1362 932 quamquam
1408 853 1485 914 ab
1518 852 1608 913 bis
1638 850 1983 913 cantoribus
2013 851 2415 932 Euphorionis
2458 863 2520 914 45

262 936 685 997 contemnitur.
776 937 969 998 Sentit
1010 938 1208 998 omnia
1251 938 1565 1017 repentina
1608 945 1668 1023 et
1711 937 2064 1016 necopinata
2114 956 2243 999 esse
2284 955 2418 1017 gra-

259 1020 440 1081 viora.
502 1021 883 1101 Exaggeratis
926 1021 1105 1101 igitur
1132 1023 1310 1103 regiis
1342 1022 1586 1103 opibuS,
1638 1040 1790 1100 quae
1819 1022 2172 1093 videbantur
2200 1022 2419 1101 sempi-

154 1118 215 1171 ω
259 1116 463 1167 ternae
503 1107 651 1180 fore,
682 1106 824 1185 quid
852 1105 1164 1185 adiungit?

668 1189 823 1253 Haec
853 1195 1050 1254 dmm’a
1078 1193 1205 1254 vidi
1228 1193 1611 1270 inflammari,

671 1274 909 1337 Priame
938 1281 1003 1338 vi
1029 1281 1212 1340 vitam
1241 1281 1477 1349 evitari,

667 1358 821 1422 Iovis
849 1364 1017 1423 aram
1043 1365 1326 1441 sanquine
1354 1362 1604 1441 turpari.

261 1444 641 1505 Praeclarum
682 1447 954 1507 carmen!
1015 1446 1123 1508 Est
1151 1446 1310 1508 enim
1355 1454 1415 1506 et
1444 1443 1627 1505 rebus
1670 1452 1731 1504 et
1757 1444 1951 1505 verbis
1994 1455 2054 1507 et
2093 1446 2285 1507 modis
2327 1445 2418 1506 lu·
2461 1459 2526 1509 46

159 1536 231 1593 15·
260 1529 469 1609 gubre.
528 1528 865 1608 Eripiamus
894 1531 1032 1593 huic
1076 1530 1526 1610 aegritudinem.
1587 1529 1723 1600 Quo
1754 1528 1976 1590 modo?
2035 1532 2418 1593 conlocemus

262 1614 321 1675 in
355 1613 569 1675 culcita
612 1615 880 1694 plumea,
927 1616 1228 1694 psaltriam
1272 1616 1664 1686 adducamus,
1707 1614 1990 1694 hedychri
2033 1616 2421 1679 incendamus

261 1698 596 1772 scutellam,
654 1700 981 1761 dulciculae
1024 1701 1286 1780 potionis
1327 1699 1550 1778 aliquid
1592 1698 1891 1760 videamus
1947 1708 2007 1760 et
2047 1701 2182 1763 cibi.
2259 1701 2420 1762 Haec

262 1785 501 1844 tandem
530 1783 688 1844 bona
719 1794 889 1858 sunt,
936 1787 1151 1864 quibus
1178 1784 1580 1865 aegritudines
1611 1783 1984 1864 gravissimae
2011 1786 2417 1848 detrahantur.
2513 1810 2516 1815 ·

263 1868 352 1929 Tu
384 1868 544 1929 enim
572 1869 751 1947 paulo
792 1878 929 1930 ante
972 1889 1048 1932 ne
1092 1870 1438 1949 intellegere
1482 1868 1720 1948 quidem
1761 1877 1822 1929 te
1863 1869 1972 1931 alia
2015 1871 2132 1932 ulla
2164 1872 2418 1934 dicebas.

260 1952 546 2014 Revocari
587 1953 767 2032 igitur
810 1965 1086 2033 oportere
1128 1974 1160 2016 a
1203 1973 1472 2021 maerore
1532 1954 1604 2014 ad
1648 1954 2068 2033 cogitationem
2121 1956 2418 2019 bonorum

265 2038 612 2098 conveniret
651 2038 793 2099 mihi
825 2058 961 2101 cum
985 2039 1278 2121 Epicuro,
1322 2039 1371 2101 si
1403 2039 1544 2118 quid
1589 2050 1744 2101 esset
1786 2038 2013 2101 bonum
2044 2043 2411 2105 conveniret.

434 2122 601 2183 Dicet
630 2122 866 2202 aliquis:
930 2125 1081 2196 Quid
1114 2122 1301 2204 ergo?
1352 2133 1416 2185 tu
1448 2123 1773 2203 Epicurum
1823 2125 2117 2187 existimas
2159 2127 2265 2188 ista
2312 2148 2411 2189 vo·
2447 2130 2527 2186 20

262 2206 440 2268 luisse
485 2216 585 2268 aut
627 2207 970 2270 libidinosas
1001 2209 1128 2272 eius
1158 2210 1338 2271 fuisse
1384 2205 1757 2270 sententias?
1816 2208 1944 2289 Ego
1974 2228 2112 2271 vero
2142 2212 2416 2291 minime;

330 2343 380 2394 2.
421 2340 637 2406 Opater
665 2344 781 2406 cet„
815 2342 979 2409 Anap.
1016 2342 1134 2395 dim.
1187 2342 1287 2394 Der
1388 2339 1547 2391 divin.
1582 2339 1641 2392 ΙΙ.
1678 2342 1763 2405 64,
1807 2343 1923 2394 132:
1959 2345 2120 2394 nimis
2142 2345 2417 2400 obscurus.

260 2407 420 2460 Vater
444 2406 534 2460 der
557 2408 910 2462 Andromache
944 2426 1051 2463 war
1086 2409 1285 2474 Eetion,
1388 2407 1564 2460 Cicero
1589 2408 1766 2459 urteilt
1788 2410 1915 2462 iiber
1933 2409 2015 2462 die
2041 2412 2278 2478 spiiteren
2303 2415 2418 2479 grii-

259 2474 429 2541 Konig
494 2491 597 2529 von
672 2476 883 2529 Theben
958 2479 1010 2530 in
1075 2478 1284 2530 Cilicien
1388 2474 1704 2528 cisierenden
1740 2475 1950 2530 Dichter
1996 2480 2284 2548 uberhaupt
2326 2498 2419 2535 un-

230 2542 426 2606 ·(}10m.
454 2543 508 2596 11.
538 2542 614 2595 Vl.
652 2547 756 2597 414
779 2545 886 2612 sg.)‚
925 2545 1110 2599 dessen
1136 2545 1286 2598 Stadt
1382 2542 1610 2610 guastig.

259 2611 490 2663 Achilles
541 2616 804 2666 zerstorte.
873 2602 1126 2680 Ubrigens
1177 2613 1282 2680 vgl.
1465 2614 1515 2666 9.
1583 2615 1946 2678 exaggeratis,
1992 2613 2099 2666 hier
2149 2637 2217 2659 -ι
2255 2632 2417 2683 prae-

258 2679 295 2734 1.
331 2680 415 2743 35,
453 2681 534 2732 85.
1384 2679 1598 2745 dicati-r,
1632 2679 1805 2733 elatis.

342 2748 391 2799 3.
427 2746 681 2813 Saeptum
705 2775 769 2786 -
807 2748 1073 2814 templum,
1113 2748 1287 2815 Appo-
1461 2750 1541 2801 11.
1577 2747 1720 2797 Haec
1745 2752 1927 2801 omnia
1951 2752 2066 2813 cet„
2103 2765 2145 2806 s.
2171 2750 2204 2805 1.
2226 2754 2310 2817 35,
2328 2755 2410 2807 85.

260 2814 417 2867 sition
453 2830 515 2866 zu
552 2815 763 2878 domun
801 2816 1033 2868 altisona
1065 2816 1287 2867 cardine

262 2882 343 2934 fiir
358 2886 524 2949 porta
549 2885 686 2950 (pars
706 2899 760 2968 p.
787 2887 935 2950 toto).
985 2882 1101 2950 Vgl.
1138 2883 1285 2936 Hom.

262 2948 355 3003 od.
391 2949 474 3002 1v.
513 2953 603 3004 ‘122
641 2945 874 3016 ὃωματα
905 2947 1152 3016 ἠχήεντα.

332 3019 379 3069 4.
417 3020 702 3069 barbarica
747 3020 886 3082 (vom
931 3018 1088 3071 Stand
1129 3018 1288 3070 unkte

261 3084 355 3137 des
372 3086 734 3139 romischen
751 3086 1078 3151 Dichters)=
1136 3088 1289 3138 roica

263 3152 347 3205 od.
383 3154 641 3221 Phrygia.

333 3222 380 3272 6.
424 3222 660 3287 regifice,
719 3221 818 3273 wie
851 3221 888 3275 1.
927 3224 1009 3288 28,
1046 3225 1135 3276 69:
1187 3224 1294 3275 lae·

265 3288 460 3351 tisicus.

336 3358 381 3408 7.
437 3358 522 3406 Ιιίε
572 3359 883 3408 cantoribus
924 3358 1296 3424 Euphorionis

256 3415 380 3476 ‘den
419 3423 651 3489 jetzigen
699 3422 1029 3478 Nachbetern
1073 3426 1164 3478 des
1203 3421 1296 3481 nl.

265 3491 321 3543 E.
358 3504 451 3543 aus
488 3491 706 3557 Chalcis,
732 3491 1082 3545 Bibliothekar
1115 3493 1297 3545 Antio-

180 3566 189 3575 ‘
265 3558 393 3610 chus
416 3557 509 3611 des
530 3558 763 3624 Grossen‚
799 3561 1011 3626 gehorte
1035 3561 1112 3613 als
1137 3560 1288 3613 Dich-

266 3629 344 3678 ter
396 3641 486 3678 zur
544 3627 1016 3681 alexandrinischen
1069 3627 1285 3681 Schule:

267 3693 521 3813 gelehrter
545 3694 647 3747 und
676 3695 901 3762 weniger
932 3695 1186 3749 naturlich
1210 3697 1286 3749 als

300 3760 349 3812 ie
373 3762 537 3814 illem
555 3761 743 3815 Romer
764 3761 940 3826 (daher
961 3765 1133 3832 spiter
1155 3764 1287 3816 auch

269 3828 359 3881 des
405 3828 642 3883 Tiberius
677 3829 1176 3898 Lieblingsdichter);
1223 3831 1288 3885 de

1460 2817 1540 2867 15.
1574 2816 1717 2880 kuic,
1753 2816 1905 2868 niml.
1930 2816 2021 2870 der
2042 2817 2413 2875 Andromache.

1459 2884 1539 2934 16.
1558 2883 1837 2950 hedychri:
1862 2885 1947 2936 ein
1972 2886 2077 2939 bes.
2101 2886 2155 2938 in
2179 2886 2286 2941 Kos
2326 2889 2417 2943 be·

1389 2949 1600 3003 reitetes
1635 2950 2027 3011 Raucherwerk.
2097 2954 2325 3009 Dioscor.
2375 2957 2413 3012 1.

1392 3020 1488 3070 61:
1540 3022 1631 3070 καὶ
1678 3015 1744 3070 τὸ
1795 3015 2130 3087 καλούμενον
2181 3018 2244 3075 δὲ
2287 3020 2414 3089 ἡδύ-

1392 3103 1581 3165 χξουν,
1639 3083 2036 3154 σκευαζόμονον
2079 3086 2140 3142 δὲ
2185 3092 2248 3145 ἐν
2294 3093 2416 3159 Κῷ,

1395 3169 1491 3219 της
1526 3151 1687 3219 αὐτῆς
1709 3157 1891 3219 ἔχεται
1915 3151 2195 3225 δυνάμεώς
2226 3178 2288 3211 τε
2321 3164 2415 3212 καὶ

1395 3225 1682 3274 σκευασίας
1713 3223 1793 3288 τῷ
1833 3215 2180 3304 ἅμρακίνφ,
2220 3220 2415 3279 εὐωδέ-

1396 3285 2003 3410 στῖρΊῗνυέᾰδεαῖιιυζιέωὲ
2019 3360 2412 3425 provideamus.

1400 3424 1470 3476 So
1506 3423 1570 3476 ad
1601 3424 1707 3478 Att.
1754 3425 1811 3478 V.
1851 3430 1897 3491 1,
1932 3428 1989 3478 3:
2024 3430 2088 3476 ut
2113 3428 2413 3493 prandium

1395 3494 1553 3544 nobis
1585 3494 1801 3545 videret.

1463 3563 1541 3614 19.
1564 3577 1634 3612 ne
1653 3561 1964 3626 intellegere
1980 3562 2191 3627 quidem
2209 3567 2277 3617 te.
2311 3563 2415 3618 Zur

1390 3626 1765 3711 Wortstellung
1800 3628 1905 3695 vgl.
1942 3631 1974 3694 ς
2011 3631 2101 3682 47:
2141 3647 2210 3682 ne
2240 3637 2413 3698 ruspi-

1391 3697 1757 3816 caria-arg&
1789 3713 2014 3830 τιείἰφιίε,
2066 3779 2156 3816 zur
2200 3764 2411 3818 Einrfih-

1389 3846 1523 3897 rung
1558 3832 1701 3884 eines
1736 3830 1961 3884 iremden
2000 3831 2270 3885 Einwurss.
2342 3832 2412 3884 Es
