2834 4317
1025 172 1212 226 LIBER
1244 173 1328 226 IV.
1366 176 1413 238 8,
1444 177 1624 228 18.19.
2307 174 2388 234 65

237 343 647 424 concupierit,
690 344 838 407 alius
879 346 1166 425 potiatur,
1212 347 1340 426 ipse
1372 353 1589 408 careat.
1660 345 2005 408 Obtrectatio
2051 355 2393 425 autemest,
2437 362 2496 414 18

238 448 306 491 ea
341 448 518 510 quam
549 429 811 508 intellegi
843 429 1247 514 ζηλοτυπίαν
1278 432 1409 493 volo
1430 477 1447 505 ,
1478 431 1783 510 aegritudo
1816 450 1888 493 ex
1918 451 2018 506 eo,
2050 434 2212 512 quod
2241 434 2391 496 alter

236 533 481 594 quoque
512 514 771 594 potiatur
815 533 918 590 eo,
972 517 1131 595 quod
1174 518 1300 597 ipse
1343 516 1768 595 concupiverit.
1859 517 2258 581 Misericordia
2300 529 2393 582 est
2490 585 2496 592 ,

237 599 546 679 aegritudo
578 618 646 660 ex
679 600 912 661 miseria
943 601 1183 663 alterius
1213 602 1429 662 iniuria
1458 600 1809 677 laborantis3
1851 621 2027 663 nemo
2059 603 2219 664 enim
2249 622 2390 684 par-

148 697 185 747 5
232 685 455 746 ricidae
485 693 588 745 aut
633 684 953 763 proditoris
983 687 1274 767 supplicio
1305 687 1709 748 misericordia
1742 697 2175 764 commovetur;
2206 706 2391 768 anyer

236 770 545 850 aegritudo
588 787 898 849 premenS,
960 771 1145 833 luctus
1185 771 1494 851 aegritudo
1542 790 1613 832 ex
1644 771 1799 846 eiuS‚
1860 773 1961 850 qui
1991 790 2163 834 carus
2191 774 2386 847 fuerit,

235 855 485 916 interitu
528 854 776 929 acerbo,
828 874 1061 918 maeror
1101 856 1407 937 aegritudo
1462 856 1706 929 flebilis,
1752 875 2035 919 aerumna
2076 858 2384 936 aegritudo

233 938 566 1013 laboriosa,
612 939 777 1000 dolor
818 941 1126 1019 aegritudo
1171 941 1477 1016 crucians,
1528 942 1862 1004 lamentatio
1906 943 2213 1020 aegritudo
2248 961 2387 1004 cum

234 1025 479 1099 eiulatu,
517 1024 839 1087 sollicitudo
871 1026 1179 1103 aegritudo
1211 1045 1348 1089 cum
1378 1026 1758 1104 cogitatione,
1787 1027 2050 1091 molestia
2079 1028 2386 1106 aegritudo

119 1120 184 1172 10
232 1127 633 1190 permanens,
679 1110 996 1187 adflictatio
1028 1112 1332 1192 aegritudo
1362 1130 1500 1172 cum
1533 1111 1839 1172 vexatione
1871 1112 2158 1191 corporiS‚
2195 1115 2392 1194 despe-

231 1198 389 1257 ratio
428 1194 736 1273 aegritudo
766 1195 895 1256 sine
925 1195 1043 1257 ulla
1071 1215 1274 1258 rerum
1304 1195 1746 1276 exspectatione
1775 1196 2111 1257 meliorum.

18 1270 21 1333 i
406 1279 571 1351 Quae
627 1286 825 1340 autem
869 1281 1134 1343 subiecta
1177 1290 1319 1344 sunt
1359 1281 1471 1343 sub
1514 1290 1759 1355 metum,
1822 1298 1890 1341 ea
1932 1281 2016 1342 sic
2059 1281 2387 1343 definiunt:
2438 1295 2497 1347 19

156 1440 161 1443 Δ
221 1367 531 1445 pigritiam
588 1372 810 1425 metum
875 1367 1299 1445 consequentis
1357 1365 1608 1440 laboriS,
1674 1386 1708 1424 ια
1759 1386 1796 1441 ιι
1837 1374 2117 1428 terrorem
2160 1375 2385 1426 metum

18 1522 21 1539 ,
231 1449 717 1523 concutientem,
760 1468 831 1510 ex
863 1468 981 1528 quo
1011 1453 1080 1512 fit
1120 1459 1186 1512 ut
1214 1451 1505 1532 pudorem
1535 1449 1750 1524 rubor,
1792 1459 2086 1511 terrorem·
2112 1451 2300 1529 pallor
2330 1459 2392 1512 et

18 1542 21 1631 ’μ
116 1544 177 1598 15
229 1544 465 1595 tremor
510 1544 570 1608 et
609 1534 875 1596 dentium
920 1537 1179 1616 crepitus
1208 1545 1637 1615 consequatur,
1682 1539 1946 1596 timerem
1987 1545 2210 1596 metum
2251 1536 2390 1596 mali

18 1634 21 1653 ²
231 1617 804 1700 appropinquantis,
841 1639 1117 1700 pavorem
1157 1630 1384 1683 metum
1428 1629 1690 1682 mentem
1732 1620 1865 1681 loco
1907 1629 2273 1696 moventem;
2317 1639 2392 1680 ex

226 1704 394 1783 quod
422 1704 564 1766 illud
594 1702 858 1766 Ennius:
1929 1734 1938 1739 ·

306 1825 353 1874 1.
387 1823 742 1886 concupierit,
787 1822 939 1874 nami.
977 1823 1253 1874 aemulans
1351 1838 1466 1885 ror,
1514 1820 1685 1885 dolor,
1722 1821 2048 1884 lamentatio,
2082 1820 2393 1872 sollicitudo

224 1893 347 1954 (aus
371 1890 711 1955 aemulatio);
738 1889 840 1954 vgl.
860 1905 924 1941 zu
940 1889 976 1943 1.
1005 1892 1088 1955 39,
1110 1893 1176 1944 93
1203 1907 1251 1942 u.
1354 1889 1457 1943 und
1487 1890 1787 1955 desperatio
1821 1888 1963 1954 gicht
2006 1887 2150 1955 Πὶος.
2179 1888 2232 1940 L.
2268 1888 2393 1952 (Vll.

224 1955 313 2008 IV.
339 1960 420 2022 11,
441 1958 530 2009 26:
556 1957 820 2008 iudicatio
842 1974 900 2008 se
921 1961 1075 2020 seire,
1113 1959 1257 2023 quod
1356 1959 1477 2023 112)
1511 1956 1664 2009 keine
1705 1956 2059 2022 griechischen
2092 1956 2395 2009 Ausdriicke

225 2027 466 2085 nesciat3
503 2027 586 2088 20,
621 2026 712 2077 46:
751 2040 872 2076 eum
907 2055 972 2064 —
1008 2026 1202 2078 videat.
1354 2025 1462 2077 und
1496 2023 1858 2078 Definitionen.

306 2093 643 2144 Obtrectatio.
697 2092 844 2160 Diog.
890 2093 942 2145 L.
978 2093 1013 2146 1.
1055 2097 1109 2146 1:
1148 2095 1259 2157 ζηὦ
1431 2095 1510 2146 13.
1562 2095 1881 2158 pigritiam:
1941 2088 2163 2156 ὄκνος,
2223 2084 2396 2160 φόβος

224 2158 482 2213 λοτυπί
488 2179 565 2211 αν
614 2156 791 2226 λύπην
824 2159 1005 2226 (εἶναι)
1046 2162 1138 2214 ἐπὶ
1172 2162 1254 2226 τῷ
1357 2155 1652 2227 μελλούσης
1685 2161 1966 2230 ἐνεργείας.

223 2231 324 2278 καὶ
368 2224 515 2292 ἄλλῳ
563 2231 843 2294 παρεῖναι,
885 2222 924 2280 δι’
963 2233 1057 2280 καὶ
1102 2223 1264 2280 αύτὸς
1433 2228 1465 2261 *
1509 2228 1541 2261 *
1577 2227 1696 2278 Hier
1735 2228 1831 2283 ,hat
1875 2225 2264 2277 unzweifelhaft
2311 2227 2394 2279 ein

221 2298 355 2360 ἔχει.
432 2295 576 2348 Stob.
613 2296 720 2347 Ecl.
758 2298 858 2348 eth.
896 2312 944 2362 p.
976 2299 1101 2350 176:
1152 2298 1263 2362 ζη-
1364 2295 1709 2347 Abschreiber
1743 2295 1795 2344 in
1831 2294 2042 2345 altester
2078 2293 2189 2345 Zeit
2232 2293 2395 2358 (nicht

225 2360 564 2416 λοτυπίαν
599 2359 660 2414 δὲ
696 2360 882 2444 λύπηιςΡ
907 2366 999 2416 ἐπὶ
1033 2364 1118 2429 τῷ·
1151 2365 1263 2416 ἔτε-
1366 2362 1543 2415 Cicero
1591 2362 1780 2426 selbst,
1829 2361 1929 2412 wie
1972 2361 2081 2412 sich
2137 2375 2229 2412 aus
2278 2360 2394 2413 dem

225 2448 332 2497 ρον
380 2428 782 2501 ἐπιτυγχάνειν,
833 2450 917 2484 ων
953 2426 1113 2484 αὐτὸς
1147 2434 1265 2484 ἐπι·
1364 2430 1624 2495 nachsolg.
1647 2429 1926 2495 pudorem
1967 2431 2136 2479 rubor
2179 2429 2395 2494 ergiebt)

224 2498 414 2565 θυμοῖ.
488 2498 655 2551 Unten
699 2501 782 2564 26,
818 2503 910 2554 56:
965 2503 1263 2552 obtrectan-
1365 2499 1449 2550 die
1514 2496 1792 2550 Definition
1860 2512 1962 2548 von
2025 2495 2210 2561 pudor
2279 2512 2396 2548 aus-

225 2569 302 2617 tis
327 2573 519 2632 autem,
554 2571 689 2632 angi
720 2568 897 2618 alieno
922 2570 1075 2635 bono,
1120 2569 1265 2634 quod
1366 2567 1630 2632 gelassen,
1667 2569 1863 2617 etwat
1900 2564 2165 2631 pudorem
2198 2569 2397 2615 metum

223 2635 292 2685 id
323 2637 486 2685 etiam
521 2636 662 2686 alius
696 2637 905 2688 habeat.
1365 2634 1655 2698 dedecoris,
1691 2632 1822 2683 nach
1865 2632 1954 2684 der
1988 2630 2273 2696 Erklfirung
2307 2632 2397 2683 der

301 2704 348 2755 2.
386 2704 671 2769 aegritudo
716 2720 787 2753 ea:
832 2720 909 2755 eo.
979 2703 1035 2755 In
1070 2702 1258 2756 Defini—
1363 2700 1592 2754 Stoiker:
1620 2699 1885 2765 αἰσχύνην
1908 2697 2049 2751 εἶναι
2110 2696 2247 2764 ὁβον
2272 2693 2396 2750 ἅδο-

224 2771 407 2822 tionen
457 2771 690 2832 werden,
736 2770 823 2822 der
858 2770 1024 2824 Kurze
1059 2786 1258 2837 wegen,
1363 2769 1496 2833 ξίας,
1532 2769 1655 2820 oder
1690 2769 1838 2834 (nach
1876 2767 2003 2821 Gell.
2088 2766 2169 2826 IX,
2207 2770 2260 2829 9)
2296 2782 2403 2832 pu-

230 2837 656 2957 plxiapositiotnelle
690 2839 907 2957 Zusgtzle
930 2840 1260 2958 ιςθονῖἰὶᾶίιιιὶίοὴ
1362 2838 1547 2954 doz-em
1581 2840 1902 2954 sanguirflem
1937 2835 2344 2955 dfiffuelcltenitgn.

225 2922 262 2959 ο
303 2920 367 2957 ne
401 2921 500 2957 wei
527 2921 637 2957 eres
687 2921 752 2958 an
832 2923 863 2958 u
903 2923 927 2959 s
984 2924 1015 2958 n
1061 2922 1122 2958 va
1173 2922 1260 2958 an·
1458 2921 1711 2956 errorem.
1833 2919 1880 2956 ιο
1920 2941 1933 2955 .
2012 2943 2022 2955 .
2149 2939 2163 2954 .
2345 2919 2400 2955 u.

226 2972 937 3040 geschlossen.Vgl.auchzu
958 2977 1111 3039 6,11:
1138 2990 1260 3026 con·
1366 2972 1513 3025 Stob.
1564 2972 1669 3024 Ecl.
1715 2971 1771 3025 11.
1817 2918 1952 3037 περ.
1992 2972 2113 3023 178:
2150 2966 2401 3034 ἔκπλη-

227 3047 322 3092 tra
356 3045 625 3092 naturam.
1370 3039 1494 3105 ξις,
1547 3037 1717 3108 φόβος
1764 3040 1822 3089 ἐκ
1874 3042 2183 3107 φαντασίας
2238 3033 2401 3089 ἀσυν·

301 3110 350 3160 3.
375 3109 767 3163 Misericordia.
788 3109 935 3174 Diog.
954 3108 1007 3160 L.
1023 3129 1035 3160 ε
1053 3106 1261 3173 ἔλεος,
1368 3103 1541 3173 ήθους
1576 3105 1910 3176 πράγματος.
1984 3106 2188 3158 Ciceros
2212 3104 2404 3158 Defini-

228 3172 376 3240 λύπη
435 3171 509 3228 αἶς
577 3178 670 3229 ἐπὶ
736 3172 973 3238 ὀναξίως
1027 3194 1267 3229 κακοπα-
1368 3177 1477 3228 tion
1513 3176 1583 3226 ist
1619 3175 1730 3226 also
1767 3175 1882 3226 eine
1917 3172 2299 3226 verschiedene.

227 3243 448 3296 θὀὗντι.
1439 3246 1520 3296 15.
1556 3245 1929 3308 consequatur,
1975 3257 2017 3294 s.
2041 3256 2105 3293 zu
2138 3240 2173 3293 1.
2205 3243 2285 3307 16,
2317 3242 2401 3293 36.

301 3315 348 3364 5.
385 3327 584 3376 angor:
622 3307 859 3377 ἔχθος,
909 3308 1053 3375 λύπη
1098 3309 1263 3381 βαρύ·
1394 3372 1395 3375 ¹
1435 3313 1708 3361 timorem:
1769 3304 1999 3375 δεῖμα,
2059 3305 2226 3377 φόβος
2285 3303 2403 3359 δέος

226 3394 417 3431 νουσα.
1366 3378 1633 3444 ἐμποιῶν.
1704 3377 1805 3429 Cic.
1829 3376 2092 3428 fibersieht
2125 3374 2209 3425 bei
2234 3375 2403 3426 seiner

300 3451 348 3499 7.
375 3463 660 3497 aerumna:
698 3441 820 3498 ὄδύ
834 3464 938 3509 νη,
975 3440 1116 3510 λύπη
1143 3447 1259 3499 ἐπί·
1368 3444 1673 3511 Definition,
1711 3445 1822 3497 dass
1858 3445 1950 3496 das
1983 3440 2235 3494 Merkmal
2268 3442 2404 3492 mali

229 3530 423 3576 πονος,
463 3516 730 3566 laboriosa
769 3506 903 3566 ‘sich
941 3515 1004 3565 ab
1046 3510 1265 3566 ualend’.
1371 3515 1861 3581 appropinquantis
1914 3511 2036 3563 kein
2084 3510 2403 3562 unterschei-

314 3585 362 3635 9.
423 3582 694 3633 molestia:
763 3577 947 3646 ἀνία,
1037 3579 1147 3648 ύπη
1208 3583 1267 3632 ἐκ
1371 3581 1566 3635 dendes
1608 3582 1719 3633 sein
1765 3579 1928 3642 kann,
1978 3577 2094 3630 weil
2139 3593 2195 3629 es
2239 3577 2403 3630 echon

228 3645 605 3720 διαλογισμῶν
651 3652 889 3716 μένουσα
934 3643 968 3713 ἢ
1004 3652 1269 3702 ἐπιτεινο-
1372 3649 1488 3702 dem
1514 3646 1955 3714 Gattungsbegriff
1980 3646 2268 3708 zukommt;
2295 3646 2404 3712 vgl.

226 3715 958 3783 μένηςαάίῐίοταιίοεὲνὸχλ
1012 3734 1141 3781 σις,
1168 3713 1271 3768 λύ-
1373 3721 1425 3783 7,
1463 3720 1541 3771 14.
1618 3717 1721 3768 Fur
1760 3731 1934 3782 pavor
1980 3713 2111 3766 fehlt
2157 3713 2246 3766 der
2293 3718 2406 3765 ent-

229 3801 318 3850 πη
365 3785 780 3855 στενοχωροῢσα
835 3789 926 3837 καὶ
995 3788 1272 3854 υσχωρίαν
1373 3784 1690 3851 sprechende
1713 3781 1911 3849 Begriff
1929 3782 2014 3834 bei
2035 3781 2182 3848 Πίος.
2211 3781 2406 3844 Laert.;

228 3850 730 3922 παρασκευάζουσα.
798 3852 898 3904 Fur
922 3853 1112 3919 luctus,
1134 3868 1276 3904 mae·
1376 3855 1568 3905 ebenso
1606 3851 1688 3904 fru-
1719 3849 1975 3912 formido.

338 3935 494 3979 Cicero
523 3935 705 3980 Tuscul.
734 3935 791 3980 u.
838 3937 877 3978 8.
903 3935 1019 3979 Auss.
1964 3938 1995 3986 5
