2834 4317
310 409 400 442 ρ

457 188 580 247 146
1224 185 1413 240 LIBER
1449 185 1510 310 ἵ.
1548 188 1631 252 29,
1650 189 1733 240 83.
1756 188 1839 240 84.

456 362 792 442 impediunt
820 358 997 421 ullius
1041 368 1234 420 certae
1250 287 1613 438 mai
1652 357 1801 419 libas
1843 375 1919 420 ue
1966 376 2049 418 ext
2082 357 2381 430 omnibus,
2419 358 2615 437 quod-

457 466 713 526 cumque
735 454 795 507 te
818 445 1068 506 maxime
1091 444 1290 525 specie
1311 442 1575 504 veritatis
1585 452 1800 519 movet,
1904 442 2076 522 quod
2096 443 2275 524 paulo
2289 452 2429 504 ante
2442 443 2615 504 Peri-

453 532 743 615 pateticos
766 539 1143 610 veteremque
1167 528 1539 591 Academiam
1562 528 1787 589 hortari
1846 527 2104 604 idebare,
2134 537 2202 590 ut
2221 529 2350 590 sine
2380 536 2615 589 retrac-

454 619 678 683 tatione
722 616 907 678 lihere
937 615 1134 676 dicere
1165 616 1455 676 auderent
1482 613 1764 694 sapientis
1795 631 1924 675 esse
1953 630 2190 693 semper
2216 613 2615 689 beatissimos,

455 704 514 765 id
554 703 727 764 velim
774 701 1009 774 audire,
1054 718 1230 778 quem
1273 699 1345 760 ad
1375 700 1618 760 modum
1648 698 1741 760 his
1769 708 1946 778 putes
1975 709 2448 761 cousentaneum
2478 717 2615 761 esse

457 790 515 850 id
547 788 763 850 dicere.
849 785 1047 847 Multa
1060 784 1217 845 enim
1263 802 1296 845 a
1332 791 1391 845 te
1438 794 1648 846 contra
1688 784 1861 845 istam
1891 783 2247 845 sententiam
2279 784 2434 845 dicta
2464 793 2615 846 sunt

455 881 513 936 et
543 873 881 936 Stoicorum
911 869 1141 931 ratione
1172 855 1473 930 conclusa.
1561 869 1646 930 Μ.
1676 869 1928 931 Utamur
1955 868 2136 949 igitur
2160 869 2452 944 libertate,
2494 888 2617 948 qua

457 957 632 1020 nobis
679 956 864 1018 solis
848 974 909 1015 ιιι
943 953 1315 1034 philosophia
1344 953 1483 1016 licet
1553 955 1933 1116 Quorum
1965 954 2152 1015 oratio
2179 954 2328 1016 nihil
2357 954 2485 1034 ipsa
2518 956 2614 1016 iu-

458 1044 638 1117 dicat,
683 1041 785 1103 sed
830 1039 1081 1101 habetur
1124 1040 1187 1100 in
1233 1021 1454 1101 offiium
1378 974 1579 1119 ‘'³“sz
1731 1047 1798 1101 ut
1839 1038 1911 1100 ab
1957 1039 2084 1101 aliis
2109 1040 2313 1137 possit
2342 1040 2468 1119 ipsa
2499 1058 2616 1119 per

458 1147 589 1190 sese
611 1126 833 1190 nullius
855 1135 1030 1194 aucto
1144 1133 1203 1185 te
1226 1126 1503 1187 adiuncta
1522 1123 1788 1187 iudicari.
1834 1124 1911 1185 Et
1939 1124 2219 1204 quoniam
2248 1125 2466 1186 videris
2494 1125 2615 1186 hoc

458 1214 631 1287 velle,
683 1220 778 1288 ut,
831 1197 1065 1290 qucaec
1207 1227 1350 1289 que
1415 1209 2044 1272 dissentientium
2094 1210 2615 1291 philosopho-

458 1317 613 1361 rum
657 1296 1045 1359 sententia
1088 1296 1189 1358 sit
1219 1295 1305 1356 de
1335 1295 1665 1369 finibus,
1698 1303 1942 1356 tamen
1973 1296 2220 1357 virtus
2250 1295 2442 1357 satis
2472 1295 2615 1355 ha-

455 1384 626 1445 heat
653 1382 739 1444 ad
769 1382 993 1443 vitam
1021 1380 1317 1442 beatam
1349 1380 1751 1459 praesidii,
1797 1381 1957 1459 quod
1980 1380 2216 1460 quidem
2244 1381 2614 1442 Carneadem

457 1470 784 1633 ἀίεΡυῐειι-ἱί
787 1467 1058 1614 Q
1091 1465 1354 1546 accepim
1382 1483 1614 1612 effi&
1586 1465 1743 1540 dis,
1784 1474 1853 1526 ut
1903 1474 2111 1527 contra
2141 1465 2402 1539 Stoicos,
2458 1484 2615 1545 quos

1062 1570 1169 1631 per
1491 1485 1642 1612 &t
1672 1557 1880 1611 contra
1931 1568 2185 1630 quorum
2238 1550 2615 1631 disciplinam

459 1639 766 1718 ingenium
811 1637 938 1699 eius
980 1644 1307 1712 exarserat,
1351 1656 1465 1698 nos
1509 1635 1748 1717 quidem
1791 1635 1933 1697 illud
1978 1654 2115 1698 cum
2156 1654 2300 1716 pace
2346 1654 2612 1715 agemus.

369 1767 389 1790 .
462 1725 524 1786 Si
555 1724 714 1785 enim
747 1722 928 1784 Stoici
959 1722 1094 1802 finis
1125 1722 1425 1783 bonorum
1444 1729 1616 1784 *recte
1646 1721 2024 1800 posiverunt‚
2067 1722 2338 1782 confecta
2362 1739 2461 1782 res
2490 1729 2612 1782 est.

346 1841 353 1848 -
462 1827 708 1870 necesse
753 1815 843 1868 est
889 1825 1126 1886 semper
1176 1806 1419 1867 beatum
1469 1826 1598 1869 esse
1646 1824 1708 1869 sa
1756 1806 1769 1819 ⁹
1853 1813 1992 1867 tem.
2089 1806 2206 1868 Sed
2259 1812 2628 1884 quaeramus

372 1899 385 1924 ³
462 1911 645 1955 unam
688 1909 984 1971 quamque
1025 1824 1850 2139 reliffl
1860 1892 1910 1952 si
1951 1892 2081 1953 fieri
2123 1899 2347 1971 potest,
2390 1900 2461 1952 ut
2493 1892 2616 1954 hoc

461 1976 830 2058 praeclarum
874 1975 1039 2055 quasi
1089 1977 1123 2037 d
1160 1981 1163 1982 ’
1468 1986 1630 2039 eatae
1660 1977 1812 2038 vitae
1841 1977 2031 2056 possit
2061 1976 2329 2038 omnium
2362 1985 2615 2038 senten-

462 2063 558 2125 tiis
587 2072 646 2125 et
675 2061 1001 2142 disciplinis
1031 2079 1184 2123 conv
1265 2082 1284 2122 1
1358 2053 1550 2094 Μ

459 2183 655 2251 placei)
691 2180 825 2232 ohne
850 2181 972 2241 ἰίῠίς
1011 2178 1111 2233 s.1.
1141 2183 1221 2245 11,
1248 2181 1309 2232 23
1338 2195 1401 2231 ιιι
1435 2182 1486 2229 si
1588 2178 1989 2241 demonstretur,
2025 2182 2367 2229 virtutem—
2399 2180 2614 2232 habere.

462 2252 693 2314 videtur,
727 2248 831 2300 und
867 2264 981 2300 zum
1015 2247 1183 2299 Inhalt
1215 2246 1298 2300 lV.
1324 2251 1374 2313 4,
1400 2251 1447 2299 7.
1584 2245 1702 2312 Vgl.
1726 2244 1809 2298 IV.
1834 2248 1918 2310 21,
1941 2249 2032 2299 47:
2068 2249 2149 2297 ita
2184 2247 2389 2312 definit,
2424 2252 2488 2297 ut
2521 2277 2613 2300 —.

534 2323 578 2371 1.
598 2318 850 2381 libasque.
875 2315 995 2367 Dies
1008 2314 1232 2368 Verbum
1252 2286 1483 2368 schliel'st
1657 2315 1737 2367 12.
1781 2315 1845 2365 de
1880 2314 2104 2378 finibus,
2152 2330 2223 2367 sc.
2262 2318 2521 2367 bonorum
2562 2322 2617 2365 et

463 2393 593 2440 stets
616 2385 699 2437 die
722 2383 878 2436 Wahl
910 2383 1001 2436 des
1025 2383 1214 2436 Besten
1238 2384 1339 2449 ein,
1373 2383 1480 2449 vgl.
1584 2382 1867 2445 malorum,
1903 2383 2004 2434 wie
2042 2385 2125 2444 30,
2146 2385 2230 2442 84;
2271 2383 2376 2449 vgl.
2402 2386 2451 2447 9,
2476 2385 2563 2435 26.

463 2456 526 2508 de
554 2455 659 2505 inv,
692 2452 748 2507 11.
774 2454 822 2516 2,
848 2455 904 2505 4:
941 2469 1011 2503 ex
1047 2455 1213 2504 variis
1246 2454 1482 2518 ingeniis
1656 2453 1734 2503 13.
1764 2450 2106 2514 Carneadem,
2141 2466 2182 2503 s.
2206 2467 2273 2502 ιιι
2294 2450 2373 2503 111.
2414 2422 2495 2513 22,
2523 2454 2612 2504 54.

462 2522 902 2575 excellentissima
917 2536 1156 2585 quaeque
1174 2521 1480 2580 libavimus3
1655 2521 1736 2572 14.
1747 2524 1810 2569 ut
1821 2524 2010 2571 contra
2023 2490 2259 2571 Stoicos‘
2276 2519 2329 2571 in
2350 2520 2490 2571 einer
2507 2521 2615 2572 sei-

463 2591 527 2644 de
563 2605 636 2643 or.
669 2589 706 2641 I.
745 2590 827 2654 35,
857 2591 969 2642 159.
1585 2600 1703 2637 nem
1722 2585 2033 2639 feindlichen
2045 2585 2398 2639 Verhaltnisse
2420 2603 2485 2639 zu
2504 2586 2612 2640 den

533 2662 581 2712 2.
616 2659 854 2708 maxime
886 2658 1061 2723 specie
1092 2657 1340 2707 veritatis
1373 2670 1484 2707 mo·
1587 2651 1662 2705 st.
1685 2647 2346 2720 entsprechendenWeise':
2374 2655 2525 2717 s.1.8‚
2543 2660 2611 2709 15

463 2734 563 2792 vet,
599 2724 703 2791 vgl.
743 2728 823 2788 11,
848 2727 930 2778 33.
1583 2722 1923 2784 zuutSiculi;
1939 2739 2028 2775 zur
2040 2722 2316 2807 Sachevgl.
2331 2722 2413 2775 IV.
2428 2726 2512 2788 24,
2523 2726 2612 2778 5.3

524 2793 695 2861 paulo
731 2798 880 2844 ante.
919 2795 1003 2856 26,
1027 2796 1108 2846 75.
1656 2793 1736 2842 15.
1772 2791 2155 2843 studiosissime
2182 2784 2390 2844 ‘hochst
2415 2791 2612 2844 leiden-

535 2865 581 2914 3.
617 2863 936 2911 retractatio
972 2860 1040 2912 ist
1075 2875 1169 2911 nur
1191 2860 1244 2910 in
1269 2857 1485 2911 Verbin-
1585 2855 1892 2911 schaftlich’.

465 2930 605 2995 dung
639 2928 732 2979 mit
763 2930 881 2978 sine
912 2926 1103 2979 fiblich.
1657 2929 1738 2979 16.
1773 2942 1870 2978 nos
1906 2926 2118 2992 quidem
2153 2929 2250 2978 cet.
2310 2926 2408 2979 Als
2441 2924 2615 2978 Nach—

535 3000 583 3049 5.
629 2997 735 3046 Ιιίεε
776 2994 877 3047 den
913 2994 1081 3060 Perip.
1116 3010 1166 3046 u.
1200 2993 1448 3048 Akadem.
1588 3000 1700 3047 satz
1736 3011 1799 3046 zu
1824 2997 2079 3060 quoniam
2101 2995 2303 3046 videris
2338 2994 2515 3047 wurde
2547 2997 2619 3047 id

535 3068 583 3118 6.
661 3067 851 3114 contra
913 3066 1074 3113 istam
1139 3066 1483 3115 sententiam.
1587 3079 1809 3128 agemus
1832 3063 2262 3128 (disputabimus)
2298 3066 2492 3129 geniigt
2519 3063 2616 3115 ha-

467 3129 2617 3281 iatine&.¹3¹⁸2¹23¹;³.⁸1²„¹;m⁶.2¹¹2222.2².;¹⁹32..321,..ttisszflfissfltttzsszzz

468 3219 590 3324 ager
633 3268 775 3321 nicht
808 3268 988 3319 immet
1028 3270 1359 3319 beatissimus
1393 3268 1486 3321 sei.
1588 3213 1689 3318 ἕως
1720 3267 1932 3332 quidem
1967 3267 2057 3332 (im
2082 3214 2365 3332 Gegengsatz'
2401 3283 2463 3318 zu
2491 3266 2615 3319 Gar-

536 3341 585 3391 8.
637 3339 792 3389 nobis
835 3336 988 3398 subis,
1031 3336 1127 3389 den
1175 3337 1486 3403 Anhangern
1588 3335 1799 3401 neades)
1833 3335 1936 3387 und
1973 3350 2092 3386 eum
2124 3351 2257 3401 pace
2292 3335 2381 3400 (im
2411 3333 2618 3401 Gegen-

469 3406 556 3459 der
590 3420 756 3458 neuen
790 3403 1084 3457 Akademie.
1587 3409 1698 3456 satz
1735 3419 1799 3455 zu
1820 3404 2286 3455 smdiosiseime—
2307 3406 2614 3469 exarserat)

538 3478 585 3528 9.
623 3477 680 3525 in
717 3475 889 3525 omnis
910 3475 1102 3538 partis,
1137 3470 1186 3525 d.
1214 3471 1262 3523 h.
1285 3471 1485 3524 welche
1584 3470 1926 3538 hinzugefiigt
1959 3469 2186 3524 worden.

468 3542 570 3593 alle
594 3541 1073 3607 ausgesprochenen
1089 3539 1371 3592 Ansichten
1394 3540 1485 3592 be·
1660 3542 1738 3591 17.
1743 3543 2088 3605 posiverunt:
2109 3554 2224 3591 elne
2235 3554 2286 3591 ιιι
2306 3538 2396 3590 der
2414 3539 2612 3591 alteren

466 3608 822 3674 rucksichtigt.
1590 3605 1818 3673 Sprache
1854 3607 2245 3673 gebrauchliche
2279 3605 2443 3659 Form.

542 3681 620 3730 10.
673 3677 877 3727 nullius
909 3703 976 3713 -
1021 3676 1281 3726 adiuncta
1317 3666 1486 3728 ‘ohne
1662 3677 1740 3729 19.
1773 3681 1836 3726 ui
1870 3675 2030 3741 hangt
2063 3674 2206 3727 nicht
2238 3690 2343 3727 von
2374 3674 2502 3737 fieri
2524 3675 2609 3739 ab,

470 3744 583 3797 dass
617 3771 683 3782 —
718 3744 770 3793 in
793 3741 1034 3795 Betracht
1068 3756 1295 3809 gezogen
1321 3739 1484 3797 whd’.
1589 3742 1809 3795 sondern
1851 3759 1953 3794 von
1994 3758 2330 3809 quaeramus,
2373 3758 2526 3795 wozu
2559 3748 2611 3794 si

540 3814 638 3863 hoc
661 3811 810 3876 velle,
845 3816 906 3861 ut
929 3839 992 3848 —
1024 3814 1202 3861 virius
1222 3814 1356 3862 satis
1389 3813 1485 3862 Iza-
1585 3810 1712 3873 fieri
1741 3815 1917 3877 potest
1949 3810 2240 3863 Nebensatz
2276 3811 2361 3862 ist.

471 3882 616 3946 beat,
650 3877 992 3945 Brachylogie
1028 3878 1109 3930 fur
1150 3883 1212 3929 ui
1255 3895 1289 3930 a
1330 3882 1484 3931 nobis
1657 3880 1738 3931 20.
1759 3879 2028 3930 decretum
2052 3894 2161 3931 war
2183 3878 2284 3931 den
2306 3877 2531 3931 Romern
2553 3879 2608 3930 in

2662 1138 2787 1190 loa

2660 1562 2712 1614 15
