2834 4317
6 270 23 615 l

6 1822 15 2115 f

1067 178 1258 233 unns
1290 181 1375 236 w.
1410 185 1495 249 22,
1512 185 1597 237 50.
2319 184 2401 247 83

251 360 419 414 esset·
439 370 574 413 cum
607 353 881 414 Hectore.
955 353 1167 429 CuiuS,
1199 362 1265 415 ut
1296 371 1459 417 arma
1488 355 1773 434 sumpsit,
1804 355 2094 435 ingressio
2124 356 2400 419 laetitiam

250 437 445 499 attulit
495 438 704 513 sociis,
755 448 1046 500 terrorem
1093 446 1295 500 autem
1348 439 1649 514 hostibus,
1702 448 1770 502 ut
1818 440 2012 520 ipsum
2064 441 2399 516 Hectorem,

251 541 430 603 quem
470 521 541 584 ad
582 523 826 585 modum
872 533 961 586 est
1001 525 1157 604 apud
1200 524 1557 599 Homerum,
1609 533 1734 586 toto
1767 533 2006 604 pectore
2048 518 2401 588 trementem

247 626 602 688 provocasse
637 609 708 668 ad
746 628 1010 689 pugnam
1045 609 1396 690 paeniteret.
1468 611 1659 689 Atque
1699 610 1762 671 hi
1792 611 2093 673 conlocuti
2131 612 2289 674 inter
2317 632 2400 688 se,

169 705 201 755 5
248 694 416 773 prius
456 712 631 773 quam
655 710 895 755 manum
921 702 1325 769 consererent,
1354 695 1570 757 leniter
1600 705 1659 757 et
1688 695 1884 774 quiete
1910 696 2054 758 nihil
2083 716 2160 759 ne
2189 698 2250 758 in
2275 698 2403 779 ipsa

247 778 485 858 quidem
524 797 725 859 pugna
765 779 1049 841 iracunde
1079 778 1382 842 rabioseve
1410 781 1703 843 fecerunt.
1770 780 1898 860 Ego
1929 800 2008 842 ne
2036 781 2401 862 Torquatum

244 864 484 942 quidem
511 864 707 939 illum,
745 865 847 943 qui
875 866 990 926 hoc
1021 883 1353 944 cognomen
1388 865 1645 938 invenit,
1689 865 1903 928 iratum
1935 866 2204 929 existimo
2235 868 2399 929 Gallo

241 961 520 1028 torquem
559 950 880 1012 detraxisse
921 967 1035 1011 nec
1063 950 1405 1012 Marcellum
1449 952 1606 1030 apud
1638 950 1978 1013 Clastidium
2008 952 2141 1014 ideo
2182 953 2396 1014 fortem

241 1034 456 1111 fuisse,
501 1035 638 1114 quia
668 1034 846 1096 suerit
884 1036 1087 1096 iratuS.
1147 1036 1232 1096 De
1262 1036 1544 1097 Africano
1575 1036 1847 1116 quidem,
1893 1038 2029 1115 quia
2073 1039 2272 1099 notior
2312 1048 2401 1100 est
2442 1053 2501 1103 50

129 1129 195 1181 10
241 1118 417 1181 nobis
444 1128 692 1199 propter
715 1129 1016 1183 recentem
1038 1120 1406 1196 memoriam,
1437 1121 1527 1182 vel
1557 1121 1753 1182 iurare
1783 1140 2045 1200 possum,
2077 1142 2201 1184 non
2232 1123 2397 1185 illum

238 1205 542 1266 iracundia
581 1214 707 1266 tum
752 1205 1179 1268 inflammatum
1220 1206 1435 1280 fuisse,
1493 1224 1630 1267 cum
1676 1206 1738 1266 in
1788 1206 1913 1267 acie
1957 1207 2035 1269 Μ.
2077 1208 2395 1271 Allienium

238 1290 581 1370 Paelignum
614 1298 784 1351 scuto
815 1291 1142 1371 protexerit
1170 1291 1547 1371 gladiumque
1575 1291 1732 1353 hosti
1775 1290 1836 1352 in
1868 1300 2078 1371 pectus
2108 1293 2387 1355 infixerit.

237 1376 324 1436 De
368 1375 435 1436 L.
479 1375 664 1436 Bruto
721 1377 973 1437 fortasse
1030 1375 1343 1437 dubitarim
1399 1394 1475 1439 an
1533 1384 1783 1456 propter
1836 1376 2137 1438 infinitum
2193 1379 2394 1440 odium

234 1461 477 1541 tyranni
507 1461 848 1522 effrenatius
878 1462 941 1522 in
970 1463 1291 1522 Arruntem
1322 1461 1605 1522 invaserit
1616 1481 1633 1537 ;
1673 1461 1840 1522 video
1874 1462 2036 1524 enim
2074 1471 2394 1543 utrumque

117 1555 187 1606 15
232 1545 567 1609 comminus
616 1546 740 1606 ictu
787 1546 1066 1608 cecidisse
1119 1547 1444 1608 contrario.
1518 1546 1672 1617 Quid
1719 1546 1902 1625 igitur
1942 1548 2063 1609 huc
2105 1548 2395 1611 adhibetis

233 1629 424 1691 iram?
482 1649 556 1691 an
588 1631 905 1705 fortitudo,
951 1631 1064 1694 nisi
1095 1631 1359 1693 insanire
1391 1631 1616 1712 coepit,
1658 1632 1915 1710 impetus
1958 1651 2098 1694 suos
2128 1653 2253 1695 non
2286 1634 2393 1694 ha-

232 1713 377 1777 bet?
436 1715 590 1786 Quid
605 1714 641 1776 Ἰ
696 1716 1046 1788 Herculem,
1100 1735 1277 1795 quem
1322 1717 1384 1777 in
1435 1716 1660 1778 caelum
1702 1717 1811 1778 ista
1864 1716 2021 1796 ipsa,
2074 1736 2247 1797 quam
2290 1737 2394 1781 vos

232 1801 598 1862 iracundiam
630 1820 758 1862 esse
799 1801 1000 1875 voltis,
1044 1802 1282 1863 sustulit
1313 1802 1599 1863 fortitudo
1619 1849 1634 1875 ,
1678 1802 1974 1864 iratumne
2005 1821 2215 1866 censes
2246 1822 2392 1866 con-

232 1886 449 1948 flixisse
501 1904 638 1946 cum
678 1886 1061 1966 Erymanthio
1117 1905 1262 1967 apro
1316 1896 1420 1948 aut
1468 1887 1645 1948 leone
1685 1886 2027 1949 Nemeaeo?
2097 1908 2171 1950 an
2216 1889 2392 1951 etiam

105 1983 182 2034 ,20
234 1970 500 2033 Theseus
528 1971 883 2032 Marathonii
912 1973 1066 2033 tauri
1097 1990 1328 2034 cornua
1374 1973 1826 2051 comprehendit
1854 1971 2083 2035 iratus?
2140 1973 2284 2036 Vide
2315 1993 2391 2036 ne

300 2090 345 2139 1.
385 2087 547 2139 Cuius
582 2086 705 2153 geht
742 2087 834 2139 aus
863 2087 1024 2154 Ajax,
1058 2087 1134 2139 als
1169 2087 1260 2139 die

224 2153 598 2222 Hauptperson.
1224 2164 1229 2170 '

296 2224 346 2277 3.
392 2239 546 2289 quem
592 2224 667 2274 ad
716 2223 931 2274 modum
982 2229 1061 2274 est
1111 2224 1260 2290 apud

222 2291 528 2356 Homerum,
561 2291 633 2343 ib.
659 2306 706 2344 V.
734 2293 835 2344 214
857 2307 1000 2359 sqq.:

223 2356 327 2410 τὸν
373 2354 434 2410 δὲ
466 2362 558 2412 καὶ
585 2353 818 2429 Ἀργεῖοι
858 2355 982 2431 μέγ’
1021 2357 1258 2430 ἐγήθεον

218 2426 235 2439 “
630 2427 1009 2496 εἰσοροῶντες·

233 2491 419 2562 Τρῶας
462 2489 522 2545 δὲ
563 2491 764 2563 τρόμος
809 2492 958 2547 αἰνὸς
1004 2490 1255 2562 ὑπήλυθε

703 2567 762 2614 ῖα
796 2565 1045 2627 ἕκαστον,

210 2622 438 2695 ‘Eumol
479 2625 537 2681 τ’
577 2632 730 2699 αυτῷ
779 2628 958 2697 θυμὸς
1003 2632 1085 2682 ἐνὶ
1134 2629 1258 2698 στή-

632 2697 800 2750 θεσσι
834 2695 1136 2753 πάτασσεν.

292 2767 339 2816 5.
392 2781 460 2815 ne
510 2767 570 2816 in
619 2770 737 2832 ipsa
791 2768 1004 2833 quzgdem
1048 2784 1258 2835 pugna,

221 2848 266 2884 s,
301 2832 448 2885 Hom.
475 2849 535 2886 V.
575 2837 673 2888 219
699 2850 813 2902 sqq.
861 2834 998 2888 Uber
1019 2838 1159 2888 nihil
1190 2853 1258 2888 ne

217 2928 287 2938 -—
307 2902 520 2966 quidem
555 2917 596 2954 s.
632 2918 697 2955 zu
731 2904 767 2954 l.
795 2906 877 2966 23,
904 2906 984 2957 53.

288 2972 336 3021 6.
388 2969 446 3022 T.
490 2970 727 3022 Manlius
780 2971 1081 3036 Torquatus
1091 3012 1107 3038 ,
1153 2974 1247 3026 361

220 3053 269 3088 ν.
305 3037 436 3102 Chr„
482 3052 565 3089 am
599 3037 779 3091 Flusse
814 3038 964 3094 Anio.
1016 3040 1123 3094 Liv.
1152 3039 1252 3093 Vll.

216 3108 248 3158 9
274 3121 323 3158 u.
353 3108 434 3159 10.

289 3176 336 3227 7.
358 3177 589 3226 invenit:
616 3171 845 3240 ‘(zuerst)
867 3171 1087 3228 bekam’.
1129 3175 1254 3228 Der-

218 3241 362 3294 selbe
374 3242 574 3295 Ausdru
580 3241 645 3293 ck
655 3258 761 3295 von
770 3242 1041 3296 derselben
1056 3242 1218 3297 Sache
1231 3265 1244 3297 z

214 3311 280 3363 de
314 3308 401 3363 fin.
439 3311 475 3364 1.
513 3315 563 3372 7,
584 3312 667 3363 23.

286 3380 332 3431 8.
377 3379 449 3430 M.
498 3378 756 3431 Claudius
801 3379 1114 3447 Marcellus,
1159 3381 1249 3433 der

212 3447 471 3499 Etoberer-
509 3461 612 3498 von
663 3445 912 3514 SyracuS,
958 3448 1100 3500 hatte
1146 3450 1247 3502 222

212 3514 296 3567 die
333 3513 523 3567 Gallier
556 3515 640 3566 bei
667 3515 966 3569 Clastidium
1000 3518 1054 3569 in
1078 3516 1245 3569 Gallia

1362 2087 1611 2141 deutsche
1661 2082 1791 2140 ‘was
1832 2116 1900 2127 —
1949 2083 2156 2141 betrifft'
2212 2105 2393 2143 auszu-

1361 2154 1615 2221 driicken‚
1660 2155 1789 2208 wird
1825 2156 1927 2208 fast
1962 2173 2056 2209 nur
2089 2158 2143 2209 in
2177 2157 2391 2210 Verbin-

1360 2223 1504 2290 dung
1525 2224 1620 2275 mit
1641 2222 1796 2276 Verb.
1822 2229 1952 2276 sent.
1979 2225 2243 2281 et'declar.
2267 2227 2392 2290 (bis-

1361 2292 1569 2356 weilen)
1606 2291 1901 2358 gebraucht.
1948 2291 2019 2343 So
2044 2294 2214 2358 gleich
2238 2295 2390 2347 nach-

1361 2360 1479 2412 her:
1512 2361 1597 2409 De
1617 2358 1679 2413 L.
1706 2361 1878 2410 Bruto
1904 2361 2197 2412 dubitarim
2228 2379 2299 2413 an
2322 2392 2391 2401 —

1358 2430 1644 2488 invaserit3
1664 2426 1725 2481 V.
1746 2430 1828 2493 20,
1854 2431 1943 2480 57;
1969 2428 2035 2479 de
2058 2431 2157 2480 hoc
2180 2432 2391 2482 homine

1359 2525 1429 2533 —
1455 2498 1755 2562 accepimus
1786 2511 2048 2547 summam
2074 2496 2242 2558 fuisse
2276 2503 2391 2549 eius

1361 2566 1789 2630 temperantiam;
1822 2563 1886 2615 de
1914 2569 2040 2616 orat.
2072 2565 2131 2620 11.
2161 2569 2206 2631 1,
2232 2568 2290 2619 3:
2325 2568 2390 2618 de

1359 2634 1599 2684 Antonio
1630 2660 1698 2669 —
1722 2647 2095 2698 acceperamus
2131 2650 2284 2700 quem
2319 2635 2392 2687 ad

1360 2701 1577 2752 modum
1611 2701 1701 2751 ille
1727 2705 1825 2752 cet.
1843 2729 1913 2738 —
1930 2689 2183 2767 Ubrigens
2207 2703 2275 2755 ist
2299 2702 2389 2754 der

1354 2770 1574 2834 jungere
1593 2767 1699 2821 Afr.
1720 2769 1974 2834 gemeint..
1996 2767 2087 2821 Die
2106 2769 2241 2823 That
2259 2771 2388 2823 wird

1362 2841 1509 2890 sonst
1543 2835 1784 2902 nugends
1821 2837 2070 2890 erwfihnt.

1427 2905 1640 2971 quidem
1672 2898 1848 2969 ‘aber',
1885 2906 1985 2957 wie
2019 2905 2055 2960 1.
2091 2909 2174 2971 27,
2201 2908 2282 2960 67.

1431 2975 1509 3027 13.
1545 2973 1608 3025 L.
1623 2973 1815 3024 Iunius
1834 2973 2052 3041 Brutus,
2087 2990 2127 3027 s.
2154 2991 2219 3026 zu
2241 2975 2277 3028 1.
2303 2979 2387 3042 37,

1359 3042 1442 3093 89.
1487 3039 1595 3093 Liv,
1630 3041 1688 3093 11.
1714 3043 1761 3093 2.

1424 3109 1718 3160 dubitarim
1741 3125 1813 3160 an
1836 3138 1920 3176 -,
1954 3111 2057 3163 wie
2088 3110 2162 3164 111.
2189 3114 2270 3178 23,
2294 3115 2385 3166 55:

1357 3178 1508 3228 haud
1538 3179 1707 3228 sciam
1742 3194 1814 3228 an
1849 3207 1932 3231 -.

1430 3248 1509 3299 14.
1546 3246 1699 3297 video
1739 3240 1845 3297 ‘ich
1878 3245 2015 3298 finde
2050 3247 2122 3312 (in
2163 3247 2254 3299 der
2288 3247 2384 3300 Ge-

1356 3307 1643 3378 schichte)'‚
1666 3314 1768 3369 wie
1794 3316 1843 3380 3,
1869 3318 1923 3375 5;
1960 3314 2064 3380 vgl.
2086 3314 2163 3366 111.
2190 3317 2271 3377 25,
2297 3318 2379 3368 59.

1427 3384 1506 3435 17.
1542 3382 1836 3434 Herc-ulma.
1874 3381 1992 3448 Vgl.
2026 3381 2082 3435 11.
2119 3384 2167 3446 9,
2204 3384 2287 3434 22.

1422 3452 1504 3503 20.
1528 3450 1865 3502 Marathonii
1888 3452 2053 3513 tauri,
2090 3450 2180 3502 der
2208 3450 2380 3502 friiher

1348 3532 1456 3570 von
1504 3517 1746 3571 Hercules
1794 3533 1886 3570 aus
1922 3517 2069 3569 Creta
2116 3519 2378 3585 gebracht,

212 3583 499 3650 Cispadane
558 3583 867 3650 geschlagen
923 3586 1027 3637 und
1094 3586 1241 3637 ihren
1320 3602 1453 3639 ·von
1487 3585 1804 3654 Eurystheus
1830 3586 1952 3638 aber
1985 3585 2178 3638 wieder
2211 3587 2380 3654 losge·

209 3650 381 3719 Konig
404 3649 756 3704 Viridomarus
794 3653 863 3704 im
887 3653 1241 3720 Zweikampfe
1343 3654 1519 3707 lassen
1554 3669 1664 3706 war
1697 3654 1803 3706 und
1835 3652 2012 3706 Attika
2047 3649 2377 3720 verwiistete,

210 3720 395 3787 erlegt.
457 3719 594 3773 Plut.
622 3718 782 3773 Marc.
819 3722 876 3785 ὃς
933 3723 1054 3777 Aur.
1075 3722 1135 3775 V.
1171 3723 1241 3775 de
1343 3722 1425 3774 bis
1449 3720 1683 3776 Theseus
1718 3723 1808 3775 ihu
1833 3722 2043 3788 erlegte.
2082 3721 2228 3779 Ovid.
2252 3723 2376 3777 Met.

207 3790 305 3842 vir.
325 3789 399 3841 ill.
428 3791 509 3841 45.

280 3861 328 3910 9.
362 3858 448 3907 De
480 3855 765 3917 Africano.
834 3856 983 3909 Diese
1019 3857 1112 3910 Art
1145 3855 1236 3910 das

1345 3789 1447 3842 vn.
1482 3791 1583 3842 433
1610 3789 1661 3844 ff.

1414 3858 1550 3911 Vide
1571 3874 1639 3910 ne
1657 3888 1739 3923 -‚
1774 3873 1817 3912 s.
1850 3874 1917 3910 zu
1940 3858 1976 3913 1.
2023 3861 2105 3927 34,
2131 3861 2212 3914 83.
2280 3858 2374 3911 Mit

1888 3942 1961 3996 6*
