2834 4317
120 903 160 968 ’ἢ

144 993 160 1038 ι

320 925 373 1006 (s

370 857 432 909 30

377 1788 434 1839 31

477 160 598 222 120
1245 160 1435 250 LlBER
1469 159 1531 214 V.
1572 164 1651 225 10,
1677 164 1758 216 30.
1777 163 1860 218 31.

472 335 627 408 litas,
661 333 947 406 solitudo,
978 331 1213 394 amissio
1244 347 1524 404 suorum,
1567 350 1772 411 graves
1801 332 2036 398 dolores
2065 332 2364 414 corporis,
2396 332 2627 412 perdita

473 419 763 494 valetudo,
801 418 1099 492 debilitas,
1129 417 1411 492 caecitas,
1444 417 1717 480 interitus
1746 418 1999 498 patriae,
2032 418 2333 491 exsilium,
2376 419 2626 481 servitus

476 505 752 585 denique.
810 503 879 568 In
912 504 1002 568 his
1031 511 1121 564 tot
1147 511 1206 563 et
1237 503 1415 565 tantis
1444 518 1592 563 -0‘a
1661 521 1736 564 ue
1767 504 1880 564 etia
2036 522 2144 565 ura
2234 505 2443 649 ossuffi
2470 504 2623 566 acci-

476 590 616 653 dere
646 624 731 635 —
758 597 956 669 potest
984 588 1402 735 ess-‘Rapienm
1435 587 1571 649 nam
1679 567 1878 651 efflas
1921 523 2342 686 s1mpffi‘tut‘31

2781 121 2793 410 ⁴

2790 421 2792 452 A

520 676 740 740 entem
768 682 963 753 potest
993 692 1091 734 inc
1166 691 1297 734 rere
1388 674 1465 735 At
1494 674 1546 736 si
1574 692 1641 734 ea
1670 674 1820 735 mala
1867 683 2038 748 sunt,
2086 674 2189 753 qui
2231 682 2427 754 potest
2452 684 2625 754 prae·
2661 684 2689 735 5

280 695 910 839 ”ffffa'i-Tsemper
951 758 1278 837 sapientem
1324 758 1564 820 beatum
1610 760 1755 834 sore,
1802 778 1936 821 cum
1979 759 2072 820 vel
2115 760 2177 819 in
2224 760 2501 821 omnihus
2536 759 2663 840 his

474 865 597 908 uno
655 852 922 924 tempore
978 862 1105 906 esse
1161 842 1389 923 possit?
1476 844 1609 905 Non
1654 844 1835 925 igitur
1887 844 2054 906 facile
2112 844 2377 906 concedo
2432 863 2625 923 neque

478 931 665 992 Bruto
695 948 828 992 meo
860 947 1055 1009 neque
1084 928 1501 992 communibus
1529 929 1824 1007 magistris
1852 948 1965 992 nec
1995 929 2291 992 veteribus
2319 930 2451 1005 illi's,
2491 929 2625 991 Ari-

479 1014 695 1089 stoteli,
726 1014 1079 1094 Speusippo,
1109 1013 1449 1088 Xenocrati,
1486 1014 1822 1089 Polemoni,
1857 1025 1952 1089 ut,
1984 1033 2119 1076 cum
2151 1033 2236 1090 ea,
2267 1033 2418 1094 quae
2448 1033 2627 1095 supra
2695 1055 2700 1059 -

479 1100 836 1172 enumeravi,
867 1099 928 1161 in
959 1098 1127 1161 malis
1159 1108 1505 1173 numerent,
1538 1099 1713 1162 iidem
1744 1100 1942 1162 dicant
1970 1118 2206 1179 semper
2233 1100 2470 1162 beatum
2501 1119 2629 1162 esse

478 1185 828 1264 sapientem.
903 1184 1067 1255 Quos
1096 1184 1145 1246 si
1174 1184 1379 1247 titulus
1426 1185 1523 1246 hic
1563 1183 1815 1247 delectat
1844 1185 2095 1263 insignis
2124 1194 2183 1246 et
2210 1185 2477 1265 pulcher,
2511 1186 2627 1265 Py-

477 1271 754 1350 thagora,
801 1270 1078 1343 Socrate,
1123 1268 1370 1330 Platone
1414 1270 1825 1350 dignissimus,
1876 1270 2164 1332 inducant
2203 1271 2467 1332 animum
2511 1271 2628 1343 illa,

478 1373 731 1434 quorum
760 1355 1079 1435 splendore
1109 1355 1446 1433 capiuntur,
1496 1355 1635 1418 viris
1677 1355 2070 1417 valetudinem
2104 1355 2628 1434 pulchritudinem,

478 1440 705 1503 divitias
732 1441 994 1502 honores
1026 1457 1170 1519 opes
1191 1448 1577 1501 contemnere
1608 1458 1813 1519 eaque,
1845 1458 1997 1519 quae
2020 1441 2109 1502 his
2140 1441 2434 1503 contraria
2463 1451 2624 1514 sunt,

476 1544 587 1606 pro
635 1526 819 1587 nihilo
863 1525 1110 1599 ducere;
1168 1534 1294 1587 tum
1345 1534 1635 1604 poterunt
1691 1525 2007 1587 clarissima
2051 1544 2195 1594 voce
2255 1526 2518 1606 profiteri
2561 1546 2628 1588 se

480 1629 676 1691 neque
705 1612 980 1672 fortunae
1004 1610 1228 1689 impetu
1262 1629 1372 1672 uec
1403 1610 1795 1672 multitudinis
1818 1610 2103 1689 opinione
2134 1629 2248 1672 nec
2278 1612 2481 1672 dolore
2513 1630 2626 1674 nec

479 1704 826 1775 paupertate
870 1695 1086 1756 terreri
1129 1695 1445 1774 omniaque
1489 1695 1601 1758 sibi
1644 1696 1707 1756 in
1752 1713 1882 1757 sese
1913 1714 2042 1759 esse
2088 1696 2295 1774 posita,
2341 1715 2454 1757 nec
2498 1716 2630 1759 esse

479 1781 794 1859 quicquam
825 1789 988 1842 extra
1017 1798 1183 1842 suam
1225 1788 1594 1860 potestatem,
1627 1780 1783 1859 quod
1821 1780 2044 1843 ducant
2086 1782 2146 1842 in
2188 1780 2392 1843 boniS.
2454 1781 2631 1844 Nunc

480 1874 541 1926 et
568 1865 715 1926 haec
742 1865 940 1943 loqui,
972 1883 1124 1944 quae
1158 1873 1300 1927 sunt
1328 1865 1528 1945 magni
1559 1865 1860 1928 cuiusdam
1901 1874 1960 1927 et
1988 1864 2087 1927 alti
2116 1866 2259 1939 viri,
2304 1875 2364 1929 et
2403 1867 2628 1939 eadem,

482 1967 631 2028 quae
655 1950 878 2028 volgus,
909 1949 971 2011 in
1002 1950 1170 2011 malis
1199 1959 1260 2011 et
1287 1951 1463 2012 honis
1495 1968 1810 2014 numerare
1839 1951 2087 2013 concedi
2117 1952 2282 2013 nullo
2313 1953 2488 2014 modo
2520 1972 2630 2032 po-

478 2042 612 2095 test.
673 2033 800 2104 Qua
832 2034 1017 2115 gloria
1047 2044 1377 2097 commotus
1406 2035 1704 2114 Epicurus
1738 2035 2033 2110 exoritur,
2082 2036 2178 2098 cui
2209 2037 2418 2108 etiam,
2461 2036 2512 2099 si
2540 2037 2631 2099 dis

480 2119 699 2198 placet,
742 2119 971 2181 videtur
999 2138 1236 2199 semper
1266 2120 1504 2200 sapiens
1533 2120 1754 2183 beatus.
1826 2120 1937 2181 Hic
1967 2121 2249 2201 dignitate
2280 2122 2459 2185 huius
2488 2141 2629 2184 sen-

480 2205 698 2267 tentiae
728 2205 976 2286 capitur,
1007 2206 1113 2268 sed
1137 2224 1463 2286 numquam
1494 2206 1550 2268 id
1574 2206 1814 2281 diceret,
1845 2206 1894 2268 si
1924 2206 2051 2287 ipse
2081 2226 2145 2268 se
2167 2207 2416 2320 audiret.
2470 2207 2631 2280 Quid

550 2340 598 2392 3.
634 2341 694 2389 in
719 2340 803 2389 his
832 2343 913 2391 tot
946 2343 999 2390 et
1033 2343 1215 2392 tantis.
1266 2339 1507 2392 Absicht-

481 2406 584 2458 lich
608 2406 729 2459 latet
755 2407 930 2460 Cicero
958 2407 1066 2459 hier
1087 2408 1253 2460 malis
1271 2423 1403 2474 weg,
1440 2407 1506 2460 da

481 2490 536 2526 er
582 2474 677 2526 mit
725 2473 824 2526 den
873 2474 1112 2528 Stoikern
1161 2475 1300 2529 diese
1340 2475 1504 2542 Dinge

481 2543 612 2596 eben
649 2542 792 2598 nicht
826 2543 903 2598 als
936 2545 1081 2596 mala
1116 2542 1418 2599 anerkennt.

1609 2340 1693 2391 ein
1730 2338 1834 2391 Gut
1870 2339 2105 2393 erklarte.

1674 2408 1938 2459 inducant
1969 2411 2208 2460 animum
2232 2400 2316 2461 ‘so
2342 2412 2528 2476 mogen
2554 2410 2631 2464 sie

1606 2475 1717 2527 sich
1752 2476 2118 2530 entschliel'sen
2153 2467 2254 2529 —-'.

1678 2546 1759 2598 15.
1784 2548 1897 2595 tum
1916 2550 2186 2611 poterunt,
2210 2560 2252 2597 s.
2277 2544 2399 2597 zul.
2430 2547 2509 2608 13,
2537 2547 2629 2599 30:

550 2613 598 2664 5.
650 2614 931 2676 praestare
977 2604 1149 2663 ‘dasfir
1202 2603 1504 2677 einstehen',
1610 2610 1772 2663 Tolle.

482 2677 575 2730 mit
620 2678 787 2732 einem
823 2677 1230 2744 Objektssatze
1272 2680 1402 2733 auch
1450 2695 1502 2745 p.
1677 2682 1755 2731 17.
1804 2682 2110 2746 omniaque,
2155 2694 2196 2732 8.
2240 2679 2277 2732 1.
2325 2682 2415 2743 29,
2454 2683 2517 2734 71
2566 2695 2631 2731 zu

483 2746 667 2798 Flacco
713 2749 794 2811 12,
830 2749 919 2800 28;
955 2748 1293 2813 (Praedones)
1326 2748 1506 2799 nullos
1608 2746 1971 2812 adhibuitque.

481 2812 618 2879 fore,
654 2817 774 2880 quie
790 2819 1072 2879 praestare
1096 2819 1350 2881 poterat?
1384 2814 1503 2882 vgl.
1678 2816 1756 2868 18.
1799 2813 1989 2880 Nune,
2037 2815 2134 2867 wie
2177 2813 2254 2867 111.
2307 2817 2363 2879 1,
2399 2817 2457 2877 2;
2513 2814 2633 2880 alti,

481 2881 557 2934 111.
599 2884 680 2945 16,
699 2883 782 2934 34.
1609 2882 1715 2948 vgl.
1750 2882 1810 2937 11.
1848 2885 1897 2948 4,
1925 2853 2007 2937 11'.

553 2950 603 3003 8.
639 2951 1005 3000 communibus
1037 2951 1330 3015 magistris,
1371 2966 1417 3006 z.
1443 2950 1502 3005 B.

483 3015 600 3068 dem
637 3019 692 3081 8,
727 3017 789 3069 21
830 3022 1120 3095 genannten
1153 3018 1356 3071 Aristus
1397 3019 1501 3071 und

479 3085 780 3138 Antiochus,

551 3155 600 3206 9.
653 3152 1003 3219 Speusippus,
1047 3152 1137 3205 der
1186 3152 1499 3209 Schwester·

482 3220 614 3273 sohn
663 3221 754 3274 des
798 3220 972 3286 Plato,
1025 3237 1132 3273 war
1184 3223 1301 3275 acht
1342 3222 1501 3276 Jahre

481 3288 601 3356 lang
655 3291 851 3355 (347—
864 3291 983 3354 339)
1035 3290 1146 3342 sein
1191 3290 1502 3357 Nachsolger

481 3358 551 3411 im
593 3357 831 3411 Lehrarnt
876 3356 964 3410 der
996 3358 1296 3413 Akademie.
1365 3359 1504 3412 Uber

479 3425 878 3480 Xenocrates
914 3441 954 3479 8.
992 3426 1127 3479 zul.
1159 3430 1237 3490 10,
1264 3429 1353 3487 20,
1391 3428 1503 3480 sein

481 3492 793 3560 Nachfolger
827 3492 1019 3546 wieder
1052 3496 1120 3559 (V.
1147 3464 1246 3547 315
1271 3497 1356 3559 an)
1395 3511 1502 3547 war

480 3559 768 3627 Polemo,
812 3562 896 3613 ein
942 3562 1223 3628 geborener
1257 3562 1501 3619 Athener.

552 3601 1297 3694 11.tttu'12·s(Ehrentite1)hic‚
1322 3646 1502 3684 sesa-

471 3696 692 3760 pilentis.

556 3764 635 3817 12.
670 3762 906 3815 Platone.
978 3764 1080 3815 Cic.
1116 3764 1348 3830 vergilst,
1385 3767 1499 3819 dass

482 3830 613 3882 auch
649 3828 815 3881 dieser
850 3829 932 3883 die
966 3829 1196 3882 ausseren
1221 3830 1382 3900 Dinge
1419 3834 1501 3887 fiir

1677 2952 1760 3006 21.
1808 2949 1997 3016 Quag
1999 2951 2141 3002 loria
2185 2955 2475 3002 commotus
2499 2942 2634 3002 ‘von

1603 3016 1852 3102 Begierde
1882 3019 2013 3071 nach
2036 3018 2231 3071 diesem
2254 3018 2419 3071 Ruhm
2443 3018 2635 3083 gettie-

1603 3079 1736 3141 ben'.
1790 3085 1988 3154 Wegen
2006 3088 2192 3152 gloria
2219 3102 2261 3139 s.
2291 3086 2427 3138 zull.
2441 3088 2524 3152 20,
2537 3088 2633 3147 46;

1601 3169 1784 3236 wesen
1804 3171 1911 3220 qua
1927 3157 2115 3220 gloria
2139 3156 2219 3207 sur
2243 3158 2395 3205 cuius
2411 3172 2493 3206 ret
2485 3155 2635 3220 'glo-

1601 3224 1690 3273 ria
1716 3239 1758 3279 8.
1780 3223 1817 3275 1.
1841 3225 1920 3287 19,
1937 3226 2005 3276 45
2029 3239 2094 3275 zu
2119 3225 2249 3275 haec
2261 3223 2635 3289 pulelmtudo.

1670 3294 1720 3341 si
1742 3292 1825 3344 dis
1841 3293 2025 3357 placet
2047 3291 2213 3344 wird
2199 3306 2377 3343 immet
2400 3290 2638 3343 ironisch

1606 3358 1903 3424 gebraucht.
1952 3358 2068 3411 Hier
2092 3358 2274 3412 drfickt
2291 3374 2349 3411 es
2368 3357 2449 3410 die
2470 3347 2639 3411 Uber-

1605 3429 1877 3493 raschung,
1912 3427 2023 3480 dass
2059 3428 2189 3480 auch
2214 3426 2306 3495 Ep.
2343 3425 2453 3479 dies
2494 3431 2640 3512 sagt,

1605 3509 1722 3556 aus;
1760 3489 1953 3548 etwa2‘
1967 3510 2071 3547 wer
2093 3496 2247 3549 sollte
2275 3510 2330 3549 es
2359 3493 2606 3547 denken?

1603 3557 1773 3615 oder‘
1777 3563 1969 3615 meiner
1994 3555 2161 3615 Treu'.
2224 3562 2296 3615 So
2331 3563 2384 3614 in
2409 3562 2510 3614 Pis.
2546 3565 2637 3629 16,

1604 3633 1697 3684 38:
1742 3632 2055 3714 Appellatus
2100 3636 2180 3684 est
2226 3633 2312 3682 liic
2359 3604 2639 3683 volturius,

1603 3699 1750 3750 illius
1795 3702 2142 3766 provinciae,
2200 3703 2249 3751 si
2300 3700 2384 3752 die
2426 3700 2638 3766 placet,

1604 3767 1915 3831 imperator.

1672 3835 1753 3888 23.
1787 3837 1836 3886 εἰ
1870 3838 1979 3901 ipse
2011 3852 2067 3886 se
2091 3805 2385 3912 unffi-alf
2397 3849 2549 3888 wenn
2577 3850 2637 3889 er

2670 1107 2723 1159 10

2669 1391 2801 1674 2³<
