2834 4317
879 146 1069 200 usna
1103 147 1140 199 ι.
1180 150 1260 213 1¹1,
1297 150 1380 202 40.
1418 150 1502 200 ιιι.
1544 149 1622 200 18.

2246 148 2327 206 53

202 325 246 377 et
269 336 365 378 suo
394 319 669 398 pondere
710 319 784 380 ad
831 320 992 399 paris
1033 320 1284 400 angulos
1326 319 1386 379 in
1419 327 1639 379 terram
1671 326 1731 379 et
1759 319 1819 380 in
1853 337 2017 382 mare
2045 321 2329 395 ferantur,

199 402 428 482 reliquae
452 405 607 465 duae
640 413 851 484 partes,
883 424 1004 467 una
1034 406 1227 485 ignea,
1274 405 1455 465 altera
1487 404 1772 477 animalis,
1805 415 1869 465 nt
1898 405 2029 467 illae
2058 407 2329 485 superio-

200 506 276 547 res
315 489 372 548 in
418 489 681 551 medium
714 490 909 552 locum
945 492 1149 552 mundi
1180 490 1463 569 gravitate
1508 490 1778 550 ferantur
1822 499 1881 550 et
1923 491 2211 570 pondere,
2244 494 2329 554 sic

197 572 284 633 hae
310 591 545 635 rursum
578 576 758 637 rectis
787 576 961 638 lineis
992 577 1053 637 in
1100 575 1416 637 caelestem
1448 574 1643 636 locum
1675 574 2007 649 subvolent,
2052 576 2172 636 sive
2203 577 2330 656 ipsa

150 668 167 714 5
198 665 377 719 natura
406 661 718 741 superiora
748 669 1068 741 appetente
1091 662 1211 723 sive
1235 661 1392 740 quod
1419 679 1450 720 a
1475 660 1844 739 gravioribus
1873 660 2089 721 leviora
2123 673 2332 723 natura

197 743 579 823 repellantur?
648 745 815 817 Quae
860 765 996 808 cum
1042 753 1340 820 constent,
1385 745 1768 825 perspicuum
1813 745 1990 807 debet
2032 766 2159 807 esse
2202 749 2331 808 ani-

198 845 318 903 mos,
359 848 495 891 cum
544 850 578 892 e
625 849 877 910 corpore
923 832 1306 905 excesserint,
1352 833 1474 892 sive
1519 830 1597 892 illi
1644 830 1765 893 sint
1793 832 2094 905 animaleS,
2141 832 2199 892 id
2244 843 2334 895 est

199 913 494 991 spirabiles,
528 916 652 977 sive
682 916 859 996 ignei,
891 917 1144 979 sublime
1175 915 1335 977 ferri.
1399 915 1461 977 Si
1487 934 1623 976 vero
1648 926 1749 977 aut
1781 936 2065 978 numerus
2097 919 2330 997 quidam

199 1005 271 1058 est
307 1002 567 1076 animus,
616 1002 775 1082 quod
821 1002 1114 1064 subtiliter
1159 1002 1344 1081 magis
1401 1019 1578 1079 quam
1624 1002 1876 1063 dilucide
1921 1003 2174 1077 dicitur,
2232 1012 2335 1065 aut

136 1090 170 1140 10
202 1083 378 1160 quinta
422 1086 519 1146 illa
568 1106 692 1148 non
742 1087 1044 1148 nominata
1097 1087 1285 1167 magis
1347 1104 1524 1165 quam
1573 1106 1692 1147 non
1750 1087 2048 1148 intellecta
2103 1098 2333 1161 natura,

204 1168 362 1230 multo
393 1171 571 1233 etiam
603 1172 928 1253 integriora
959 1192 1025 1234 ac
1072 1174 1313 1252 puriora
1344 1181 1506 1244 sunt,
1550 1181 1617 1233 ut
1645 1190 1677 1232 a
1707 1180 1866 1232 terra
1897 1173 2240 1252 longissime
2270 1194 2334 1235 se

203 1253 439 1316 efferant.
503 1257 737 1319 Horum
768 1257 951 1336 igitur
980 1258 1201 1337 aliquid
1231 1257 1467 1319 animus
1497 1266 1603 1329 est,
1650 1275 1727 1317 ne
1769 1265 1886 1316 tam
1929 1266 2135 1336 vegeta
2165 1276 2336 1320 mens

203 1348 283 1399 aut
299 1339 356 1401 in
380 1343 562 1403 corde
584 1342 906 1405 cerebrove
921 1351 1025 1405 aut
1048 1344 1108 1403 in
1124 1342 1525 1422 Empedocleo
1540 1341 1830 1420 sanguine
1844 1341 2112 1402 demersa
2125 1342 2331 1403 iaceat.

344 1426 770 1492 Dicaearchum
815 1447 955 1490 vero
987 1447 1122 1489 cum
1153 1428 1528 1502 Aristoxeno,
1574 1426 1804 1505 aequali
1835 1436 1896 1487 et
1925 1427 2329 1508 condiscipulo
2353 1433 2426 1488 18

206 1586 345 1626 causa
389 1577 635 1628 videmus
679 1581 823 1630 hunc
863 1584 1065 1630 statum
1100 1596 1210 1630 cese

205 1640 339 1693 huius
369 1648 537 1696 totius
562 1647 753 1698 mundi
776 1652 937 1714 atque
959 1652 1212 1712 naturae,

206 1712 469 1764 rotundum
514 1718 583 1765 ut
616 1716 822 1766 caelum
859 1721 1110 1781 terraque
1144 1721 1208 1766 ut

207 1779 355 1829 media
403 1785 474 1832 sil
514 1799 685 1848 caque
718 1799 818 1834 sua
866 1787 921 1834 vi
968 1789 1210 1850 nutuque

208 1848 438 1969 ἑσθποιὸἰέιν.
488 1849 610 1917 Vgl.
647 1850 748 1903 Cic.
787 1851 851 1903 de
888 1851 1028 1903 deor.
1065 1869 1115 1905 n.
1150 1851 1209 1906 11.

262 1950 277 1977 2
373 1958 385 1971 ο

266 1984 304 2036 1.
339 1986 409 2036 ad
433 1990 598 2053 paris
632 1988 882 2053 angulos,
918 1987 1210 2043 senkrecht.

261 2051 303 2103 3.
335 2056 410 2104 εἰσ
445 2058 566 2107 hae.
625 2054 715 2107 Die
731 2055 1209 2108 Wiederaul'nahme

210 2114 283 2170 des
300 2117 543 2187 Subjekts
563 2124 828 2191 (reliquae
845 2125 985 2176 duae
1002 2128 1208 2191 partes)

208 2182 342 2239 durch
399 2190 571 2244 dieses
623 2191 913 2244 Pronomen
973 2193 1042 2245 ist
1100 2192 1213 2245 hier

207 2251 341 2307 durch
376 2259 467 2311 das
490 2276 956 2327 vorangegangene
990 2267 1055 2311 ut
1084 2263 1212 2313 illae

211 2326 479 2381 vernulafst.
537 2328 742 2380 Ebenso
778 2329 860 2383 lV.
893 2331 972 2395 14,
999 2331 1091 2382 32:
1130 2333 1214 2380 in-

202 2395 408 2508 ξῗῖιξοεί,
442 2401 509 2446 ut
543 2414 633 2447 aes
659 2397 995 2449 Corinthium
1019 2427 1098 2463 —‚
1134 2401 1213 2448 sic

207 2473 222 2504 l
282 2476 301 2508 2
333 2490 415 2518 ——,

264 2531 309 2580 4.
357 2548 575 2583 rursum
629 2532 964 2595 andrerseits,
1020 2533 1212 2598 griech.

209 2595 280 2646 αὖ.
336 2597 448 2666 Vgl.
470 2604 553 2668 20,
573 2604 663 2653 452
700 2607 754 2652 ct
788 2603 1096 2653 habitabilis
1130 2618 1214 2652 re-

207 2666 375 2726 giones
409 2673 464 2719 et
495 2685 715 2720 rursum
753 2674 899 2720 omni
934 2671 1086 2722 cultu
1121 2685 1213 2720 va-

211 2737 388 2797 cantia
425 2737 557 2789 auch
593 2737 672 2790 111.
713 2740 789 2800 15,
822 2739 904 2791 33.

265 2803 365 2853 sive
382 2834 448 2843 —
468 2809 593 2856 sive.
651 2805 724 2857 Da
749 2806 861 2857 hier
884 2806 1210 2858 unentschie·

211 2864 294 2920 (len
327 2873 561 2937 gelassen
592 2874 737 2937 wird,
775 2874 842 2925 ob
880 2874 963 2926 die
991 2873 1213 2926 Ursache

211 2933 287 2986 des
319 2938 741 3007 Emporstrebens
790 2942 879 2993 der
923 2947 1213 3007 genannten

214 3000 452 3060 Elemente
496 3011 548 3062 in
593 3011 754 3062 ihrem
801 3011 985 3075 eignen
1028 3009 1213 3062 Wesen

214 3085 263 3122 zu
285 3077 471 3129 suchen
496 3078 581 3143 ist,
617 3093 726 3129 was
763 3078 845 3130 die
871 3077 1077 3130 Stoiker
1113 3077 1216 3129 und

212 3151 290 3194 vor
310 3144 460 3197 ihnen
486 3145 648 3199 sebon
671 3146 818 3198 Plato
839 3162 890 3198 u.
909 3146 1215 3198 Aristoteles

213 3212 495 3277 nnnahmen,
534 3214 659 3267 oder
692 3215 744 3266 in
781 3216 946 3266 einem
980 3214 1215 3266 {iusseren

213 3277 626 3347 (mechanischen)
671 3283 912 3346 AnstOIS,
971 3297 1081 3332 was
1135 3282 1217 3333 die

213 3343 404 3400 Ansicht
441 3350 533 3403 der
571 3351 907 3403 Atomistiker
941 3351 1046 3402 und
1082 3350 1218 3402 ihrer

215 3409 519 3484 Nachl'olger,
555 3420 645 3471 der
680 3418 962 3485 Epikureer
998 3433 1123 3484 war,
1158 3435 1217 3470 so

215 3477 331 3536 kann
378 3485 548 3538 dieser
583 3488 857 3540 Abschnitt
903 3502 995 3538 aus
1040 3485 1220 3538 keiner

216 3552 452 3606 stoischen
497 3554 678 3616 Quelle
724 3555 1021 3608 herrfihren.
1092 3553 1216 3606 Dem

215 3619 552 3690 widerspricht
587 3625 720 3677 auch
750 3638 858 3674 was
886 3623 1220 3675 unmittelbar

216 3683 357 3755 lolgt,
406 3689 469 3742 da
520 3692 603 3744 die
638 3692 956 3744 Alternative
997 3694 1105 3742 sivi
1137 3692 1223 3742 illi

213 3757 307 3809 sint
327 3760 604 3825 animales,
623 3762 735 3811 sive
757 3763 921 3825 ignei,
941 3760 1119 3812 womit
1137 3759 1221 3811 die

213 3821 611 3894 Ansehauungen
631 3828 721 3882 der
738 3829 931 3880 {lter-en
944 3827 1221 3895 Naturphi-

1311 1576 1563 1644 losophen
1597 1576 1902 1629 bezeichnet
1935 1577 2066 1639 sind,
2102 1578 2336 1630 schlech-

1311 1645 2336 1711 terdingsderstoischenAnsichtwider-

1312 1715 1491 1767 strebt.
1507 1712 1619 1781 Vgl.
1630 1713 1664 1781 ᾖ
1675 1715 1741 1766 42
1755 1734 1765 1765 :
1786 1717 2125 1777 inflammata
2135 1717 2335 1768 anima.

1312 1782 1419 1834 Nur
1436 1782 1519 1834 ein
1532 1780 2011 1849 Skeptikerffhilo)
2022 1782 2215 1835 konnte
2227 1783 2338 1835 sich

1314 1865 1373 1903 so
1408 1848 1816 1902 unentschieden
1853 1851 2077 1904 fiufsern.

1382 1921 1430 1971 6.
1468 1921 2075 1985 animos—corpore.
2135 1919 2337 1972 Ebenso

1314 1988 1397 2050 30,
1415 1989 1505 2039 72:
1542 1987 1679 2038 duas
1701 2004 1809 2038 esse
1842 1991 1958 2038 vias
1993 1990 2339 2038 animorum

1314 2072 1342 2105 e
1376 2070 1661 2122 corpore
1697 2057 2081 2107 excedentium.

1384 2125 1431 2176 8.
1468 2139 1723 2175 numerus
1756 2125 1992 2190 quidam,
2034 2140 2077 2178 S.
2117 2126 2197 2187 10,
2222 2126 2304 2179 20.

1388 2196 1467 2243 10.
1517 2208 1628 2243 non
1678 2195 1960 2244 nominata
2011 2195 2188 2258 magis
2240 2198 2338 2244 cet.

1313 2260 1459 2311 mehr
1495 2260 1827 2313 unbenannte
1862 2261 1940 2311 als
1973 2259 2340 2326 unbegriffene,

1315 2342 1355 2379 s.
1373 2329 1455 2393 10,
1469 2329 1549 2379 22.
1608 2327 1753 2379 Auch
1791 2328 1883 2380 das
1918 2344 2028 2379 non
2060 2333 2341 2379 nominata

1315 2397 1401 2460 (=
1435 2399 1514 2457 10,
1546 2397 1611 2447 22
1654 2411 1853 2445 vacans
1886 2398 2119 2459 nomine)
2153 2396 2220 2445 ist
2256 2398 2339 2446 ein

1314 2464 1493 2520 lrrtum
1515 2462 1644 2523 δίας
1670 2461 1803 2514 deun
1826 2462 2131 2527 Aristoteles
2151 2467 2340 2514 nannte

1316 2531 1427 2583 sein
1467 2534 1512 2584 5.
1552 2529 1786 2581 Element
1822 2528 2043 2592 Ather‚
2089 2544 2242 2581 wenn
2287 2545 2343 2582 er

1317 2599 1448 2650 auch
1476 2598 1637 2650 demit
1661 2604 1826 2650 etwas
1851 2597 2081 2649 Anderes
2107 2598 2344 2650 bezeich-

1317 2676 1405 2720 net
1444 2667 1633 2719 wissen
1676 2666 1798 2732 will,
1835 2667 1911 2718 als
1948 2665 2134 2718 andere
2172 2666 2344 2718 Philo·

1317 2735 1519 2802 sophen
1556 2735 1796 2787 darunter
1834 2735 2120 2787 verstehen.

1389 2806 1471 2857 11.
1507 2805 1807 2869 integriora
1850 2803 2226 2870 gleichartiger,
2250 2819 2343 2857 un-

1317 2872 1656 2925 vermischter
1702 2872 1876 2937 (niiml.
1931 2888 2188 2923 numerus
2240 2871 2345 2924 und

1319 2944 1510 3007 quinta
1564 2943 1815 3006 natura),
1868 2940 2038 2992 wosfir
2081 2940 2115 3007 5
2154 2942 2217 2993 43
2263 2944 2346 2992 in-

1320 3014 1630 3074 corruptus.

1391 3080 1473 3129 12.
1497 3081 1848 3129 ne—iaceat:
1876 3090 2053 3127 woran
2079 3091 2195 3127 man
2221 3076 2345 3128 fest·

1321 3144 1496 3196 halten
1534 3144 1692 3207 muts,
1738 3144 1897 3196 damit
1945 3159 2062 3196 man
2100 3144 2242 3196 nicht
2278 3160 2342 3194 zu

1320 3212 1410 3264 der
1430 3213 1695 3264 Annahme
1718 3212 2004 3264 veranlatst
2027 3211 2216 3274 werde,
2234 3210 2346 3262 dass

1321 3280 1404 3333 die
1453 3296 1513 3333 so
1563 3281 1883 3333 lebensvolle
1933 3277 2215 3331 Denkkrast
2260 3306 2347 3334 -.

1321 3348 1437 3415 Vgl.
1477 3353 1531 3412 5,
1570 3352 1633 3403 10
1678 3366 1741 3401 zu
1779 3351 2034 3413 quoniam
2071 3362 2118 3397 u.
2157 3346 2220 3397 de
2255 3344 2346 3399 fin.

1319 3416 1357 3471 I.
1398 3420 1488 3482 13,
1525 3420 1620 3471 43:
1678 3417 1846 3481 Quam
1894 3431 1993 3481 ego
2038 3418 2216 3465 autem
2261 3415 2345 3465 di-

1322 3502 1440 3536 cam
1476 3488 1828 3552 voluptatem,
1874 3487 1984 3534 iam
2018 3484 2235 3546 videtis,
2281 3499 2350 3534 ne

1320 3554 1532 3605 invidia
1581 3554 1732 3604 verbi
1776 3551 2132 3613 labefactetur
2168 3554 2345 3603 oratio

1322 3638 1457 3673 mea.

1396 3691 1475 3743 13.
1512 3693 1572 3740 in
1609 3690 1769 3740 corde
1804 3693 1921 3753 cet„
1956 3704 1997 3740 s.
2022 3691 2071 3751 9,
2102 3689 2163 3740 18
2188 3703 2236 3739 u.
2267 3690 2347 3739 19.

1397 3761 1478 3812 14.
1506 3758 1901 3808 Dicaearchum
1948 3756 2260 3813 cumAm'st‘3
2307 3769 2348 3805 S.

1330 3829 1474 3890 10‚21
1518 3841 1568 3876 u.
1608 3829 1688 3888 11,
1725 3828 1805 3877 24.
1876 3824 1949 3875 Zu
1986 3822 2233 3875 beachten
2280 3820 2350 3871 ist

2631 873 2708 914 I,

2375 933 2434 982 41
2491 921 2552 950 ⁰
