2834 4317
307 2054 366 2104 59

303 2652 380 2708 25

420 174 500 232 38
1015 176 1204 229 LIBER
1237 177 1315 230 111.
1352 179 1435 240 24,
1455 180 1537 233 58.
1558 180 1641 230 59.
1675 178 1758 244 25,
1778 182 1859 232 59.

422 327 607 409 otium
652 351 908 428 negotiis
952 349 1208 429 publicis
1252 349 1675 422 antetuleruut,
1730 348 2081 409 nominatim
2127 348 2242 409 vita
2285 348 2580 423 laudatur,

421 451 535 494 nec
556 433 762 495 siletur
791 434 933 496 illud
962 434 1357 515 potentissimi
1388 435 1545 513 regis
1575 444 1977 530 anapaestum,
2010 433 2112 512 qui
2141 433 2341 494 laudat
2368 453 2578 495 senem

378 534 392 553 ‘
420 527 480 581 et
521 520 892 581 fortunatum
938 539 1068 583 esse
1112 520 1282 593 dicit,
1330 519 1491 598 quod
1521 519 1811 598 inglorius
1841 519 1917 581 sit
1959 529 2134 598 atque
2179 519 2457 599 ignobilis
2500 522 2575 580 ad

416 622 757 683 supremum
805 605 963 666 diem
1005 614 1419 685 perventurus.
1483 605 1768 666 Similiter
1802 604 2335 666 commemorandis
2371 624 2574 666 exem-

417 689 531 768 plis
574 684 858 751 orbitates
904 709 1141 770 quoque
1170 689 1425 750 liberum
1456 690 1875 769 praedicantur
1904 708 2262 767 eorumque,
2307 691 2408 768 qui
2438 701 2652 770 gra-5

415 775 542 836 vius
586 777 820 849 ferunt,
865 775 1058 837 luctus
1110 776 1358 836 aliorum
1406 775 1689 855 exemplis
1733 775 2072 847 leniuntur;
2132 775 2247 836 sic
2262 777 2571 855 perpessio

417 868 752 921 ceterorum
779 862 918 921 facit
940 870 1004 921 ut
1027 879 1114 935 ea,
1139 879 1291 939 quae
1315 861 1654 934 acciderint,
1678 860 1866 921 multo
1889 860 2119 921 minora
2144 878 2324 938 quam
2349 870 2572 939 quanta

415 945 536 1005 sint
573 946 896 1007 existimata
937 946 1266 1008 videantur.
1333 946 1418 1007 Ita
1454 947 1521 1006 fit
1551 946 1791 1020 sensim,
1834 944 2231 1025 cogitantibus
2275 954 2338 1005 ut
2377 965 2571 1024 quan-

414 1040 540 1089 tum
570 1030 645 1091 sit
673 1031 952 1092 ementita
985 1031 1190 1111 opinio
1222 1041 1519 1111 appareat.
1572 1030 1765 1110 Atque
1795 1031 1909 1091 hoc
1940 1030 2096 1091 idem
2126 1039 2185 1091 et
2208 1031 2449 1092 Telamo
2469 1031 2569 1092 ille

414 1114 701 1176 declarat:
857 1181 870 1200 ,
2615 1125 2679 1178 10

822 1202 941 1281 qu
972 1221 1100 1263 cum
1128 1201 1305 1282 penui
1323 1234 1407 1245 ——

415 1293 473 1344 et
503 1285 800 1347 Theseus:

821 1371 1080 1434 Futuras
1107 1390 1329 1433 mecum
1359 1369 1785 1432 commentabar
1813 1373 2090 1440 miserias,

413 1462 473 1515 et
512 1456 920 1535 Anaxagoras:
966 1456 1224 1518 Sciebam
1252 1476 1342 1518 me
1384 1461 1645 1534 qenaisse
1673 1454 1993 1516 mortalem.
2054 1454 2129 1515 Hi
2160 1455 2319 1515 enim
2351 1473 2564 1515 omnes

411 1540 514 1601 diu
554 1542 883 1619 cogitantes
927 1543 998 1603 de
1042 1543 1222 1603 rebus
1263 1541 1539 1602 humanis
1581 1537 2006 1617 intellegebant
2049 1557 2146 1600 eas
2190 1557 2568 1618 nequaquam
2613 1551 2680 1603 15

411 1643 522 1704 pro
568 1627 851 1706 opinione
882 1627 1034 1706 volgi
1065 1645 1193 1687 esse
1223 1625 1710 1687 extimescendas.
1786 1624 1861 1684 Et
1893 1625 2035 1685 mihi
2067 1625 2302 1702 quidem
2332 1625 2566 1686 videtur

409 1709 566 1770 idem
610 1712 736 1771 fere
779 1712 1044 1773 accidere
1088 1712 1190 1784 iis,
1238 1711 1339 1790 qui
1383 1720 1523 1771 ante
1565 1710 1948 1781 meditantur,
1995 1711 2152 1788 quod
2199 1710 2297 1781 iis,
2343 1710 2565 1788 quibus

413 1795 680 1855 medetur
702 1796 846 1867 dies,
875 1797 986 1858 nisi
1010 1796 1170 1875 quod
1195 1797 1344 1857 ratio
1367 1796 1654 1874 quaedam
1678 1802 1846 1856 sanat
1867 1795 2019 1868 illos,
2047 1796 2155 1856 bos
2179 1795 2306 1873 ipsa
2329 1803 2562 1869 natura,

410 1879 713 1940 intellecto
752 1899 853 1955 eo,
901 1882 1060 1959 quod
1090 1900 1218 1942 rem
1260 1881 1550 1955 continet,
1593 1880 1735 1942 illud
1767 1880 2018 1953 malum,
2062 1882 2219 1958 quod
2252 1881 2561 1960 opinatum

412 1963 490 2024 sit
531 1983 658 2025 esse
702 1984 1073 2040 maxumum,
1121 1985 1497 2046 nequaquam
1540 1985 1667 2027 esse
1710 1974 1969 2039 tantum,
2015 1974 2082 2025 ut
2121 1965 2297 2025 vitam
2327 1966 2561 2027 beatam
2606 1977 2676 2028 20

412 2049 600 2129 possit
631 2059 914 2112 evertere.
989 2052 1117 2112 Hoc
1148 2052 1331 2131 igitur
1360 2052 1632 2124 efficitur,
1665 2060 1732 2112 ut
1760 2069 1834 2110 ex
1861 2051 1962 2110 illo
1995 2051 2352 2129 necopinato
2382 2051 2559 2132 plaga

411 2135 600 2195 maior
622 2136 716 2209 sit,
748 2155 892 2209 non,
922 2145 988 2196 ut
1016 2137 1099 2197 illi
1130 2147 1359 2216 putant,
1395 2147 1477 2210 ut,
1509 2155 1642 2197 cum
1675 2134 1909 2196 duobus
1938 2154 2110 2215 pares
2141 2153 2311 2197 casus
2342 2155 2559 2198 evene-

410 2219 554 2293 rint,
601 2219 650 2281 is
693 2220 871 2282 modo
917 2222 1286 2300 aegritudine
1332 2222 1669 2294 adficiatur,
1716 2221 1812 2281 cui
1858 2220 1955 2280 ille
1989 2221 2350 2299 necopinato
2382 2240 2558 2285 casus

411 2305 691 2366 evenerit.
738 2306 939 2386 ltaque
965 2308 1246 2368 dicuntur
1271 2326 1391 2368 non
1422 2307 1566 2367 nulli
1591 2307 1652 2366 in
1677 2324 1963 2379 maerore,
1996 2324 2130 2365 cum
2154 2307 2227 2366 de
2251 2307 2360 2367 hac
2392 2325 2560 2368 com-

408 2391 577 2451 muni
620 2391 931 2457 hominum
973 2393 1326 2454 condicione
1368 2392 1757 2465 audivissent,
1802 2409 1871 2452 ea
1902 2390 2031 2470 lege
2063 2408 2192 2451 esse
2223 2412 2335 2453 nos
2366 2401 2558 2468 natos,
2608 2403 2671 2453 25

408 2483 476 2535 ut
517 2495 695 2537 nemo
735 2478 800 2538 in
834 2487 1191 2579 perpetuum
1239 2496 1369 2538 esse
1410 2486 1618 2557 posset
1646 2494 1858 2555 expers
1888 2476 2055 2549 mali,
2102 2478 2336 2553 gravius
2378 2478 2558 2538 etiam

407 2560 629 2622 tulisse.

585 2646 879 2718 Quocirca
905 2647 1252 2721 Carneades,
1285 2659 1351 2708 ut
1379 2647 1546 2707 video
1578 2654 1849 2707 nostrum
1880 2643 2142 2718 scribere
2173 2648 2557 2723 Antiochum,

495 2783 541 2831 1.
583 2783 901 2831 nominatim
949 2774 1063 2831 ‘mit
1108 2780 1429 2832 Namennen-
1601 2782 1648 2832 9.
1690 2781 1903 2833 Telamo
1948 2782 2055 2845 ille,
2092 2797 2132 2833 s.
2173 2782 2252 2844 13,
2291 2782 2381 2840 28:
2426 2780 2559 2832 The-

408 2841 585 2911 nung'
1531 2864 1674 2899 sens:
1706 2851 1785 2912 14,
1820 2852 1911 2907 29:
1934 2851 2325 2914 Anaoeagoras:
2366 2853 2445 2913 14,
2473 2853 2557 2903 30.

476 2915 523 2964 2.
559 2912 789 2963 illud—
813 2920 1190 2979 anapaestum,
1218 2915 1429 2980 cigentl.
1605 2920 1683 2970 15.
1720 2918 1784 2968 de
1815 2919 1973 2967 rebus
2009 2919 2283 2982 Immanis,
2332 2918 2553 2970 namlich

405 2979 652 3044 Adjektiv
686 2979 841 3043 (deun
871 2987 1248 3048 anapaesticus
1284 2983 1433 3034 brau-
1533 2983 1660 3035 iiber
1684 2984 1776 3036 das
1800 2985 2158 3049 mannigsache
2180 2984 2435 3051 Unglfick‚
2462 2986 2556 3038 das

406 3048 537 3099 chen
587 3053 709 3113 gnte
758 3049 1128 3102 Schriftsteller
1163 3067 1221 3103 so
1259 3051 1433 3117 wenig
1534 3050 1632 3103 den
1668 3051 1944 3105 Menschen
1972 3053 2151 3104 treffen
2187 3052 2341 3105 kann.

407 3116 509 3168 wie
553 3117 957 3182 philosophicus
998 3119 1102 3170 und
1135 3119 1431 3186 philologi-
1606 3123 1685 3173 18.
1721 3120 1851 3187 dies,
1888 3121 1990 3173 wie
2030 3123 2108 3185 16,
2146 3124 2227 3174 35.

407 3199 514 3247 eus,
551 3184 749 3250 vghll.
788 3187 868 3247 16,
903 3187 994 3237 37:
1039 3189 1157 3237 sine
1191 3204 1424 3253 anapae—
1602 3190 1681 3241 19.
1719 3189 1867 3254 quod
1894 3205 2010 3240 rem
2045 3192 2309 3241 eontinet:
2331 3184 2561 3242 ‘worauf

402 3255 500 3302 stis
515 3254 773 3317 pedibus),
792 3268 1007 3319 erganze
1023 3271 1253 3307 carmen.
1288 3257 1424 3321 Aga·
1525 3254 1653 3308 alles
1690 3206 1987 3309 ankommt'.
2035 3256 2103 3310 So
2113 3257 2205 3321 lV,
2234 3260 2313 3320 10,
2339 3259 2431 3310 23:
2470 3274 2552 3324 ea,

405 3335 643 3374 memnon
668 3321 860 3388 spricht
876 3322 960 3374 bei
985 3322 1158 3391 Eurip.
1182 3325 1288 3392 lph.
1306 3323 1423 3376 Aul.
1525 3339 1664 3390 quae
1695 3340 1810 3376 rem
1850 3329 2153 3387 continent:
2193 3328 2274 3386 31,
2310 3327 2403 3377 65:
2440 3341 2555 3378 una

409 3391 471 3441 15
493 3406 630 3458 sqqa
1522 3408 1610 3442 res
1642 3393 1858 3443 videtur
1902 3409 2119 3445 eausam
2156 3397 2444 3445 eontinet-e.

831 3488 898 3496 -—-
936 3455 1095 3542 Ζηλῶ
1132 3474 1209 3521 σε,
1243 3460 1422 3528 γεόον.
1594 3463 1875 3525 opinatum
1908 3465 1997 3527 sit,
2033 3478 2074 3514 s.
2095 3478 2158 3514 zu
2183 3465 2259 3526 11,
2282 3464 2364 3514 24.

473 3521 636 3587 Ζηλῶ
674 3520 727 3575 δ’
782 3500 1060 3610 ἀνδρῶνι
1039 3522 1095 3579 ὃς
1127 3497 1422 3577 ἀκίνδυνον
1590 3529 1670 3581 21.
1692 3530 1804 3580 Hae
1829 3532 2005 3594 igilur
2027 3529 2184 3595 effic„
2212 3546 2252 3584 s.
2267 3546 2326 3582 zu
2347 3529 2379 3582 Ι.
2396 3532 2445 3595 8,
2468 3533 2554 3584 16.

467 3596 605 3642 Βίον
652 3589 937 3677 ἐξεπέρασ’
976 3590 1170 3677 ἀγνώς,
1216 3588 1419 3658 ἀκλεής.
1594 3598 1677 3649 22.
1711 3602 1776 3647 ut
1807 3599 1896 3649 illi
1920 3605 2134 3664 putant,
2172 3613 2212 3650 s,
2239 3601 2321 3661 22,
2342 3599 2425 3650 52.

477 3656 608 3710 Tovs
644 3655 700 3710 δ’
737 3663 799 3712 ἐν
831 3666 1014 3728 τιμαῖς
1047 3679 1218 3727 νσσον
1254 3659 1418 3727 ζηλῶ.
1594 3666 1675 3718 28.
1715 3664 2030 3731 Carneades,
2067 3682 2106 3718 s.
2136 3667 2218 3731 22,
2244 3670 2325 3720 54.

480 3730 527 3779 5.
579 3720 833 3779 orbitates
895 3730 1120 3782 liberum
1173 3730 1419 3794 (dieselbe
1593 3732 1763 3798 video,
1789 3733 1970 3785 anders
1987 3733 2070 3785 lv,
2098 3736 2146 3800 3,
2166 3738 2222 3786 5:
2248 3736 2552 3799 Diogenem

400 3792 551 3846 Form
584 3798 634 3857 9,
671 3798 754 3860 20)
781 3790 896 3849 ‘der
922 3797 1128 3850 Verlust
1162 3815 1261 3852 von
1302 3798 1424 3852 Kin-
1527 3803 1579 3849 et
1602 3799 1929 3852 Carneadem
1951 3803 2107 3853 video
2135 3831 2202 3840 —
2232 3807 2420 3854 missos
2438 3820 2553 3854 esse

401 3860 541 3914 dern‘
548 3900 562 3917 .
617 3862 874 3930 Beispiele
899 3865 1067 3920 dieser
1088 3867 1206 3920 Art:
1235 3870 1317 3934 28,
1337 3871 1420 3922 70.
1528 3868 1758 3933 legatos:
1807 3872 1888 3933 22,
1928 3873 2020 3922 5οε
2067 3871 2222 3922 video
2256 3876 2551 3937 utrumque
