2834 4317
862 159 1047 214 LIBER
1081 162 1164 217 iv.
1203 166 1286 230 35,
1306 167 1389 216 75.
1414 164 1495 215 76.
1533 165 1616 229 36,
1635 167 1717 217 τι.
2281 163 2366 226 99,

222 332 523 395 curandus
553 342 659 400 est.
726 333 917 395 Etiam
951 352 1105 395 novo
1137 333 1375 413 quidam
1404 352 1603 396 amore
1633 343 1892 397 veterem
1924 349 2182 397 amorem
2214 345 2364 398 tam·
2409 344 2466 395 75

224 436 402 497 quam
432 419 595 479 clavo
627 418 851 480 clavum
883 419 1215 480 eiciendum
1246 427 1476 499 putant.
1536 420 1786 482 Maxime
1811 430 2009 482 autem
2034 420 2361 482 admonen-

223 506 334 566 dus
376 512 465 565 est
507 512 764 583 quantus
806 504 884 565 sit
921 505 1090 565 furor
1119 504 1367 580 amoris;
1413 505 1692 567 omnibus
1721 506 1882 567 enim
1912 525 1984 567 ex
2014 506 2195 567 animi
2222 525 2362 586 per-

222 588 662 651 turbationibus
714 597 804 650 est
852 590 1122 670 profecto
1166 589 1326 650 nulla
1367 591 1800 666 vehementior,
1851 599 1948 664 ut,
2001 592 2051 654 si
2080 592 2194 653 iam
2235 592 2363 671 ipsa

139 686 172 737 5
221 674 319 735 illa
341 692 618 736 accusare
644 675 813 748 noliS,
844 682 1048 754 stupra
1070 675 1203 736 dico
1234 685 1294 736 et
1323 675 1690 755 corruptelas
1719 684 1779 737 et
1806 676 2108 749 adulteria,
2137 677 2362 739 incesta

217 760 494 839 denique,
520 778 775 839 quorum
791 759 1054 821 omnium
1078 760 1423 822 accusabilis
1443 769 1532 822 est
1551 761 1876 841 turpitudo,
1896 795 1977 807 ——
1995 761 2098 824 sed
2124 770 2189 822 ut
2216 762 2360 823 haec

221 844 487 918 omittas,
549 844 915 924 perturbatio
963 845 1090 925 ipsa
1143 845 1357 907 mentis
1407 845 1470 907 in
1522 864 1720 907 amore
1772 847 1942 908 foeda
1991 865 2099 926 per
2139 865 2202 908 se
2255 854 2360 908 est.

219 930 400 1005 Nam,
447 937 516 990 ut
555 930 651 990 illa
693 939 1092 1009 praeteream,
1141 948 1289 1010 quae
1319 939 1463 992 sunt
1492 931 1739 1006 furoriS‚
1770 932 1915 993 haec
1943 932 2071 1011 ipsa
2100 950 2208 1012 per
2236 950 2364 993 sese
2408 940 2467 990 76

223 1032 398 1093 quam
427 1013 652 1076 habent
678 1015 989 1090 levitatem,
1022 1034 1170 1095 quae
1200 1016 1478 1077 videntur
1505 1035 1632 1078 esse
1661 1016 2009 1078 mediocria:

1238 1099 1519 1173 histriae,

393 1184 768 1263 Suspiciones,
797 1188 1150 1256 inimicitiae,
1179 1186 1452 1255 indictiae,

393 1270 630 1347 Bellnm,
653 1288 782 1350 pam
809 1289 1084 1345 rursnm3
1124 1271 1342 1333 incerta
1373 1270 1506 1331 haec
1535 1273 1588 1331 si
1615 1280 1679 1333 tu
1704 1270 1955 1351 postules

392 1353 638 1416 Ratione
667 1365 817 1417 certa
844 1357 1052 1434 faeere,
1081 1355 1260 1417 nihilo
1285 1355 1422 1436 plica
1449 1374 1587 1435 aqas

395 1438 587 1511 Quam
616 1445 668 1501 si
697 1442 790 1502 des
819 1458 1050 1520 operam
1077 1452 1144 1502 ut
1173 1442 1300 1502 ciam
1331 1443 1559 1504 ratione
1594 1443 1871 1502 insdnias.

110 1536 170 1588 15
222 1523 385 1585 Haec
428 1525 825 1586 inconstantia
868 1526 1340 1604 mutabilitasque
1380 1525 1597 1592 mentis
1643 1543 1818 1604 quem
1859 1544 1982 1586 non
2010 1524 2137 1604 ipsa
2167 1525 2359 1604 pravi·

220 1617 341 1669 tate
387 1608 724 1672 deterreat?
781 1610 888 1672 Est
929 1611 1105 1672 etiam
1147 1610 1288 1672 illud
1306 1656 1323 1683 ,
1375 1611 1533 1689 quod
1586 1611 1647 1671 in
1705 1610 1868 1671 omni
1917 1608 2361 1689 perturbatione

220 1693 452 1769 dicitur,
482 1695 1028 1770 demonstrandum,
1059 1694 1280 1757 nullam
1302 1714 1430 1758 esse
1456 1695 1571 1757 nisi
1595 1693 1975 1774 opinabilem,
2008 1695 2121 1756 nisi
2144 1695 2362 1756 iudicio
2464 1725 2467 1730 ·

220 1788 584 1859 susceptam,
618 1781 732 1842 nisi
761 1782 1164 1842 voluntariam.
1231 1780 1468 1842 Etenim
1499 1780 1550 1842 si
1581 1780 1862 1842 naturalis
1892 1798 2059 1842 amor
2086 1787 2269 1855 esset,
2303 1788 2365 1841 et

220 1876 488 1926 amarent
509 1884 716 1927 omnes
740 1873 801 1927 et
822 1885 1058 1946 semper
1079 1875 1345 1927 amarent
1367 1874 1430 1927 et
1449 1866 1605 1927 idem
1636 1873 1921 1940 amarent,
1953 1884 2149 1945 neque
2178 1865 2360 1926 alium

113 1962 175 2015 20
219 1949 433 2029 pudor,
464 1951 640 2011 alium
672 1951 968 2029 cogitatio,
1000 1951 1177 2013 alium
1208 1951 1444 2013 satietas
1475 1951 1819 2013 deterreret.

389 2035 481 2095 Ira
510 2055 679 2109 vero,
724 2055 874 2115 quae
918 2055 1097 2116 quam
1126 2037 1226 2098 diu
1256 2035 1568 2116 perturbat
1597 2037 1891 2110 animum,
1935 2036 2364 2097 dubitationem

217 2119 481 2181 insaniae
525 2140 648 2183 non
690 2122 900 2197 habet,
943 2122 1112 2184 cuius
1153 2123 1415 2202 impulsu
1460 2121 1683 2183 exsistit
1737 2122 1909 2182 etiam
1949 2121 2108 2182 inter
2151 2121 2361 2181 fratres

213 2206 331 2265 tale
359 2205 644 2286 iurgium:

107 1111 175 1162 10

2386 2011 2463 2069 36

211 2337 521 2405 Krankheit,
568 2340 699 2392 auch
741 2339 884 2393 nicht
931 2338 1120 2392 wieder
1166 2355 1230 2391 zu
1334 2341 1399 2391 In
1428 2338 1611 2390 amo're
1633 2340 1764 2389 haec
1788 2340 1969 2392 omnia
1998 2336 2182 2387 insunt
2196 2335 2363 2389 vitia:

210 2405 421 2458 Krasten
438 2407 678 2460 kommen
698 2408 934 2470 konnen3
961 2413 1232 2475 tamquam

211 2476 314 2526 wie
348 2474 384 2526 1.
409 2477 492 2541 36,
517 2479 598 2530 88

280 2545 328 2596 2.
345 2543 731 2597 clavoelavum.
773 2543 844 2595 So
863 2544 995 2596 auch
1013 2543 1233 2596 imGne

209 2611 452 2663 chischen
487 2612 921 2697 sprichwortlich:
971 2605 1089 2676 ἥλῳ
1131 2608 1234 2664 τὸν

213 2664 356 2741 λον,
391 2676 655 2745 παττάλῳ
691 2677 793 2731 τὸν
821 2676 1108 2732 πάτταλον
1141 2683 1235 2743 (sc.

206 2697 356 2798 323
324 2746 640 2831 ἐκκρούειν).

273 2818 326 2869 4.
360 2812 436 2881 αὶ,
457 2818 508 2867 ,η’
541 2818 666 2867 iam.
739 2814 935 2882 Infolge
980 2814 1069 2867 der
1099 2815 1233 2866 Zwi-

206 2853 508 2936 schensa'tze
531 2886 638 2948 (si
613 2900 807 2935 zam—
828 2883 1125 2949 turpitudo)
1145 2884 1234 2935 be·

205 2952 353 3016 ginnt
374 2951 550 3005 Cicero
575 2953 665 3005 der
682 2951 1028 3007 Deutlichkeit
1045 2966 1230 3017 wegen

204 3020 298 3071 mit
342 3020 437 3071 sed
478 3025 540 3071 ut
582 3021 680 3073 den
718 3019 837 3073 Satz
872 3036 976 3072 von
1020 3034 1228 3082 neuem3

202 3086 783 3155 vgl.111.8,16:qm·
825 3090 901 3139 sit
930 3086 1095 3152 frug-i
1123 3090 1230 3152 igi-

206 3159 311 3207 tur.
337 3184 404 3193 --
439 3127 577 3209 Uber
614 3159 664 3207 si
694 3162 805 3208 iam
850 3172 891 3208 s.
929 3172 990 3208 zu
1028 3158 1112 3221 31,
1146 3158 1228 3211 65.

272 3226 320 3278 6.
368 3225 710 3290 accusabilis,
750 3217 846 3278 ἅπ.
892 3222 1002 3295 λεγ.
1041 3246 1111 3267 ==
1149 3227 1230 3278 ita

204 3299 532 3358 comparata,
569 3297 631 3343 ut
664 3297 723 3344 in
756 3293 1018 3345 iudicium
1039 3296 1230 3345 vocari

193 3363 382 3426 possit.

273 3430 319 3481 8.
372 3429 486 3492 illa,
539 3445 676 3496 quae
726 3449 818 3481 —:
870 3414 1228 3495 Autaei-angen

200 3495 293 3549 des
318 3496 646 3561 WahnsinnS,
682 3498 783 3549 wie
807 3496 891 3549 die
919 3497 987 3549 im
1013 3497 1226 3563 vorigen

199 3563 326 3633 Kap.
364 3565 719 3631 angefuhrten.

267 3636 315 3687 9.
341 3634 552 3697 habent,
577 3649 619 3686 ε.
639 3649 703 3685 zu
719 3632 795 3687 111.
818 3635 896 3694 13,
923 3635 1011 3685 27:
1038 3633 1226 3687 Habet.

269 3705 351 3756 10.
379 3701 621 3754 Iniuriae
639 3705 753 3765 cet„
773 3717 865 3753 aus
882 3700 1078 3753 Terenz
1097 3701 1225 3754 Eun.

194 3771 230 3822 1.
261 3773 412 3891 11,14
434 3785 566 3838 sqq„
598 3784 683 3822 wo
711 3741 794 3822 d’ie
817 3768 997 3823 Worte
1019 3769 1227 3822 vorher-

195 3854 259 3906 ge
298 3853 388 3891 en:

1401 2406 1497 2459 Mit
1540 2405 1655 2458 dem
1688 2405 1854 2458 Inhalt
1898 2405 2003 2471 vgl.
2045 2405 2127 2457 die
2169 2405 2361 2460 schone

1336 2473 1601 2527 Stellebe1
1619 2472 1806 2525 Horaz
1834 2472 1992 2525 Serm.
2011 2472 2069 2525 11.
2087 2474 2137 2538 3,
2156 2474 2256 2525 260
2280 2489 2358 2542 sq.

1407 2545 1487 2596 11.
1507 2542 1859 2607 Suspiciones,
1880 2540 2246 2593 hierundofter
2264 2543 2360 2595 mit

1335 2610 1683 2676 verlangerter
1718 2611 1765 2661 2.
1803 2608 1963 2661 Silbe.

1407 2682 1489 2732 13.
1540 2680 1754 2729 ratione
1806 2673 1985 2729 ‘durch
2030 2676 2359 2761 verstandige

1333 2733 1710 2812 Uberlegung'3
1744 2761 1864 2796 eum
1890 2747 2103 2796 ratione
2127 2738 2237 2797 ‘bei
2273 2761 2361 2811 ge-

1333 2814 1548 2868 sundem
1595 2786 1917 2875 Verstande';
1969 2815 2177 2865 ineerta
2229 2816 2361 2866 haee

1333 2887 1481 2937 certa
1537 2881 1718 2944 faeere
1779 2877 1939 2933 ‘diese
1996 2880 2360 2936 wandelbareu

1333 2949 1688 3017 Stimmungen
1706 2965 1770 3002 zu
1793 2948 2086 3002 dauernden
2109 2942 2357 3004 machen'.

1403 3022 1483 3073 16.
1506 3022 1566 3070 in
1582 3019 1986 3085 perturbatione
2010 3019 2227 3083 dieitur,
2251 3020 2357 3086 vgl.

1329 3085 1364 3141 1.
1402 3089 1486 3152 36,
1512 3089 1603 3141 88:
1635 3090 1700 3142 in
1731 3091 1905 3138 morte
1936 3103 2048 3138 non
2080 3087 2297 3139 dieitur.

1402 3157 1487 3209 21.
1524 3155 1616 3207 Ira
1650 3171 1797 3209 vero.
1869 3153 2074 3207 Wieder
2106 3154 2190 3207 ein
2224 3153 2360 3207 Ana-

1332 3222 1534 3288 koluth‚
1557 3222 1621 3274 da
1642 3222 1734 3275 das
1753 3221 1995 3274 Pradikat
2014 3237 2077 3274 zu
2101 3225 2190 3273 ira
2208 3221 2358 3288 fehlt,

1332 3291 1467 3343 doch
1483 3290 1643 3343 durch
1660 3290 1744 3343 die
1762 3291 1973 3343 weitere
1990 3262 2358 3357 Besprecbung

1332 3358 1424 3411 des
1470 3358 1808 3425 angefiihrten
1851 3355 2103 3423 Beispiels
2147 3356 2354 3412 erklart.

1330 3426 1423 3479 Die
1441 3427 1778 3493 Fortsetzung
1800 3426 1892 3479 des
1914 3424 2355 3478 unterbrochenen

1327 3494 1633 3548 Gedankens
1653 3495 1841 3562 erfolgt
1860 3494 1971 3546 also
1990 3495 2095 3548 erat
2110 3492 2250 3560 mit§
2271 3496 2353 3548 79.

1394 3565 1782 3616 dubitationem
1821 3564 2069 3614 insaniae
2108 3576 2220 3613 non
2262 3564 2356 3613 Ιια-

1328 3635 1428 3684 bet·
1486 3633 1689 3684 Habere
1728 3627 2021 3696 (zulassen,
2055 3628 2353 3683 verbunden

1328 3700 1439 3755 sein
1464 3692 1591 3765 mit’)
1619 3701 1713 3752 mit
1736 3700 1902 3751 einem
1927 3697 2355 3751 Verbalsubstan-

1326 3770 1404 3821 tiv
1440 3769 1580 3822 steht
1606 3769 1683 3821 ost
1717 3768 1797 3820 fiir
1832 3766 1923 3819 das
1947 3765 2090 3819 Pass.
2126 3765 2218 3819 des
2245 3772 2353 3819 ent-

1330 3836 1679 3905 sprechenden
1692 3834 1957 3888 Verbums.
1992 3834 2064 3888 So
2083 3833 2146 3887 de
2164 3833 2251 3889 off.
2274 3834 2352 3892 111.

1865 3919 1938 3973 7*
