2834 4317
463 181 543 239 62
1174 179 1363 233 Lmen
1397 179 1435 233 1.
1472 181 1556 246 22,
1593 183 1675 233 53.
1713 182 1795 246 23,
1833 183 1915 233 54.

461 362 598 415 nata
627 361 718 416 est
746 349 1029 430 PlatoniS,
1077 372 1226 434 quae
1258 372 1291 413 a
1322 349 1691 414 Socrate'est
1722 352 1782 414 in
1813 352 2082 413 Phaedro
2113 353 2418 433 explicata,
2465 372 2498 413 a
2530 372 2627 415 me

460 449 657 501 autem
689 441 879 519 posita
912 448 1000 502 est
1029 439 1089 501 in
1126 446 1291 501 sexto
1322 437 1476 499 libro
1508 437 1581 497 de
1609 456 1676 499 re
1705 437 1977 518 publica:

366 528 441 584 23
623 517 825 596 ‘Quod
856 543 1094 604 semper
1122 532 1412 597 movetur,
1456 531 1765 584 aeternum
1796 532 1915 597 est;
1962 522 2123 602 quod
2164 532 2362 584 autem
2393 532 2624 584 motum

460 610 651 671 adfert
679 609 851 671 alicui
878 610 1156 690 quodque
1179 609 1373 688 ipsum
1399 608 1654 687 agitatur
1678 608 1935 683 aliunde,
1967 608 2207 687 quando
2240 609 2421 670 finem
2443 608 2625 670 habet

459 703 675 770 motus,
705 695 937 757 vivendi
970 696 1150 756 finem
1180 694 1395 756 haheat
1440 712 1681 755 necesse
1713 702 1820 755 est.
1882 693 2087 755 Solum
2119 693 2320 772 igitur,
2364 694 2526 773 quod
2556 713 2621 756 se
2670 709 2702 757 5

459 781 652 859 ipsum
685 788 910 854 movet,
958 780 1096 859 quia
1141 797 1467 858 numquam
1516 778 1810 841 deseritur
1838 797 1872 840 a
1902 798 1995 854 se,
2043 797 2321 858 numqam
2369 797 2447 840 ne
2492 798 2622 839 mo-

457 864 581 925 veri
606 865 844 944 quidem
870 865 1118 941 desinit3
1153 865 1296 945 quin
1325 864 1502 926 etiam
1535 865 1768 937 ceteris,
1794 882 1945 943 quae
1974 873 2308 939 moventur,
2334 864 2432 925 hic
2462 866 2622 936 fone,

358 958 414 1007 54
455 950 571 1011 hoc
615 950 979 1030 principium
1026 960 1116 1012 est
1160 950 1459 1011 movendi.
1503 949 1788 1029 Principii
1833 957 2029 1012 autem
2078 948 2238 1010 nulla
2286 959 2376 1011 est
2421 949 2623 1029 origo;

461 1053 595 1095 nam
644 1054 676 1096 e
722 1036 1018 1115 principio
1064 1035 1343 1096 oriuntur
1371 1036 1589 1108 omnia,
1633 1035 1830 1114 ipsum
1876 1043 2071 1096 autem
2120 1034 2280 1096 nulla
2312 1054 2386 1096 ex
2413 1053 2479 1095 re
2510 1034 2622 1095 alia

461 1120 621 1181 nasci
668 1128 898 1200 potest3
958 1140 1071 1183 nec
1118 1120 1276 1181 enim
1323 1128 1480 1182 esset
1523 1120 1580 1180 id
1626 1120 2010 1200 principium,
2072 1119 2231 1199 quod
2275 1120 2622 1199 gigneretur
2672 1132 2734 1181 10

458 1205 714 1266 aliunde.
776 1206 949 1277 Quod
980 1206 1031 1268 si
1063 1223 1386 1284 numquam
1419 1205 1629 1279 oritur,
1676 1224 1754 1265 ne
1800 1206 2017 1267 occidit
2048 1205 2284 1285 quidem
2318 1223 2620 1284 umquam.

456 1290 604 1352 Nam
636 1291 997 1372 principium
1030 1291 1387 1353 exstinctum
1420 1309 1536 1352 nec
1566 1290 1759 1370 ipsum
1784 1290 1856 1351 ab
1881 1291 1996 1352 alio
2026 1299 2373 1352 renascetur
2403 1307 2515 1351 nec
2546 1307 2623 1350 ex

448 1395 522 1436 se
567 1376 724 1437 aliud
770 1376 1013 1452 creabit,
1059 1377 1108 1439 si
1154 1376 1392 1457 quidem
1426 1395 1671 1438 necesse
1718 1384 1808 1438 est
1836 1395 1869 1436 a
1899 1376 2196 1457 principio
2229 1375 2370 1437 oriri
2401 1374 2622 1435 omnia.

456 1460 544 1521 Ita
574 1462 642 1521 fit
669 1470 737 1522 ut
764 1470 962 1523 motus
991 1462 1353 1542 principium
1388 1479 1459 1521 ex
1484 1480 1556 1522 eo
1586 1462 1681 1537 sit,
1728 1461 1888 1541 quod
1934 1461 2126 1542 ipsum
2160 1480 2194 1523 a
2224 1481 2287 1523 se
2316 1469 2621 1534 movetur3

457 1545 517 1607 id
561 1554 757 1606 autem
803 1565 916 1607 nec
961 1547 1124 1608 nasci
1169 1555 1366 1625 potest
1396 1564 1510 1607 nec
1540 1547 1711 1620 mori,
1754 1546 1847 1607 vel
1877 1547 2151 1608 concidat
2180 1565 2359 1607 omne
2389 1545 2625 1608 caelum
2673 1562 2734 1611 15

459 1630 774 1710 omnisque
803 1638 1016 1692 natura
1046 1639 1107 1691 et
1128 1631 1416 1692 consistat
1437 1639 1803 1718 nege-sgestst
1826 1650 1939 1693 nec
1964 1633 2077 1692 vim
2102 1633 2280 1693 ullam
2312 1630 2626 1693 nancisca-

457 1725 574 1789 tur,
607 1734 722 1795 qua
754 1734 785 1775 a
816 1716 1008 1795 primo
1040 1715 1291 1796 impulsa
1321 1724 1646 1776 moveatur.
1695 1715 1844 1777 Cum
1873 1727 2072 1797 pateat
2099 1718 2282 1796 igitur
2310 1726 2625 1778 aeternum

458 1799 516 1860 id
547 1819 694 1875 esse,
727 1799 889 1879 quod
919 1819 984 1862 se
1014 1800 1208 1881 ipsum
1233 1807 1482 1873 moveat,
1513 1800 1647 1879 quis
1679 1809 1764 1862 est
1791 1802 1893 1880 qui
1916 1801 2075 1863 hanc
2106 1811 2378 1863 naturam
2408 1800 2628 1862 animis

462 1902 587 1945 esse
633 1885 912 1946 tributam
961 1882 1183 1964 neget?
1246 1885 1583 1945 Inanimum
1641 1893 1733 1946 est
1775 1885 1933 1946 enim
1982 1906 2192 1960 omne,
2239 1886 2399 1966 quod
2441 1885 2627 1966 pulsu

533 2090 578 2137 1.
615 2087 676 2135 in
711 2086 972 2149 Phaedre,
1009 2101 1060 2151 p.
1088 2087 1242 2137 2450.

527 2155 576 2205 2.
626 2153 691 2203 de
742 2170 802 2204 re
857 2154 1076 2220 publica
1111 2152 1194 2205 vl.
1232 2155 1315 2219 25,
1352 2155 1414 2206 27
1432 2153 1485 2207 ff.

457 2219 604 2282 (oder
643 2222 712 2272 im
748 2236 927 2287 sogen.
962 2221 1138 2274 Somn.
1173 2220 1309 2288 Scip.
1343 2238 1389 2273 c.
1415 2224 1485 2286 8).

527 2292 574 2342 3.
634 2296 834 2341 motum
904 2288 1090 2352 adfert
1147 2290 1315 2340 alicui
1371 2290 1485 2355 (das

456 2355 787 2410 Platonische
813 2354 940 2409 ἄλλο
972 2360 1180 2420 κινοῦν)
1213 2357 1395 2424 gehort
1419 2373 1485 2410 an

457 2425 569 2476 sich
605 2426 749 2479 nicht
784 2441 875 2478 zur
912 2425 1076 2478 Sache
1100 2425 1204 2477 und
1237 2426 1307 2478 ist
1343 2426 1483 2478 wohl

456 2509 551 2545 nur
593 2493 754 2547 durch
799 2494 899 2547 den
935 2493 1217 2546 Gedankeu
1267 2510 1331 2546 an
1375 2494 1492 2558 dae,

456 2577 567 2613 was
601 2561 656 2615 in
694 2566 856 2615 erster
889 2562 1033 2614 Linie
1067 2578 1172 2615 von
1207 2561 1324 2615 dem
1348 2562 1489 2613 Ewi-

456 2644 554 2695 gen
600 2631 721 2693 gilt,
763 2631 869 2697 vgl.
916 2632 947 2695 ἓ
986 2633 1049 2684 53
1097 2647 1142 2683 a.
1180 2630 1261 2694 E.‚
1309 2646 1488 2683 veran-

454 2696 577 2747 lasst
604 2697 830 2760 worden,
878 2700 989 2749 also
1022 2699 1267 2765 quodque
1290 2724 1356 2744 =-·
1381 2698 1487 2751 und

455 2763 604 2815 dabei
640 2765 894 2830 zugleich.

524 2834 570 2884 6.
595 2847 890 2897 numquam
911 2848 981 2883 nc
1018 2837 1224 2885 moveri
1296 2835 1481 2886 uidem

455 2901 664 2952 desinit.
722 2900 796 2951 Zu
831 2899 922 2950 der
958 2900 1237 2968 doppelten
1321 2904 1485 2955 ernei-

456 2983 613 3034 nung,
630 2967 830 3020 welche
849 2965 1000 3020 keine
1013 2968 1282 3036 Bejahung
1303 2970 1482 3036 bildet,

455 3050 606 3087 wenn
653 3036 784 3087 nach
835 3035 976 3088 einer
1012 3038 1348 3104 allgemeinen
1384 3038 1485 3091 Ne-

454 3104 630 3170 gation
676 3103 757 3155 ein
805 3104 1064 3157 einzelner
1099 3104 1296 3171 Begriff
1323 3107 1484 3159 durch

452 3189 520 3224 nc
542 3201 609 3212 —
632 3172 846 3239 quidem
892 3172 1312 3240 hervorgehoben
1360 3175 1485 3227 oder

447 3242 571 3306 jene
617 3241 671 3293 in
718 3242 859 3292 einer
894 3240 1204 3309 Gliederung
1247 3245 1341 3295 mit
1387 3260 1487 3295 nec

451 3327 619 3361 —nec
654 3309 959 3361 wiederholt
983 3310 1130 3378 wird,
1153 3311 1259 3378 vgl.
1280 3314 1364 3375 25,
1390 3315 1478 3364 602

451 3395 562 3430 non
599 3384 675 3429 cst
710 3384 853 3430 certe
884 3394 984 3431 ncc
1017 3380 1198 3430 cordis
1229 3395 1328 3431 nec
1360 3396 1485 3431 san·

447 3450 662 3511 guium
699 3449 785 3511 27,
821 3448 914 3498 66:
951 3449 1093 3498 nihil
1123 3463 1190 3497 ne
1215 3453 1311 3498 aut
1344 3452 1482 3499 umi-

452 3515 580 3565 dum
624 3516 838 3580 quidem
880 3520 979 3566 aut
1018 3517 1218 3578 flabile.
1286 3515 1484 3582 Wegen

451 3583 804 3648 rte—quidem
824 3583 934 3635 hier
955 3583 1057 3635 und
1079 3584 1112 3650 ξ
1128 3586 1196 3636 54
1214 3598 1255 3635 s.
1269 3599 1312 3635 z.
1330 3584 1377 3646 6,
1402 3587 1479 3637 11.

523 3653 570 3702 8.
612 3653 944 3717 principium
995 3652 1244 3703 movendi
1285 3675 1352 3695 ==
1394 3669 1480 3717 pr.

451 3724 654 3782 motus,
690 3733 787 3769 nur
820 3719 1089 3772 scheinbar
1124 3721 1215 3771 mit
1250 3720 1482 3787 passiver

454 3786 773 3852 Bedeutung.
844 3785 915 3839 So
951 3788 1106 3840 Acad.
1141 3787 1199 3852 ΙΙ,
1235 3791 1318 3853 31,
1358 3792 1481 3841 101:

451 3861 515 3907 ut
549 3860 600 3906 ct
631 3871 760 3907 vera
783 3856 957 3907 multa
993 3857 1281 3909 videantur
1309 3873 1482 3924 neque

1590 2089 1769 2136 tamen
1804 2087 1995 2136 habere
2029 2089 2295 2152 insignem
2328 2087 2481 2138 illam
2500 2102 2633 2152 pcr-

1591 2154 1826 2219 cipicndi
1858 2155 1947 2219 (-=
1968 2157 2349 2221 perceptionis)
2383 2160 2595 2207 notam.

1659 2225 1739 2275 14.
1779 2238 1849 2272 σω
1883 2238 1944 2273 co
1978 2226 2077 2283 sit,
2114 2223 2229 2275 dass
2264 2222 2355 2273 der
2392 2223 2633 2286 Anstoss‚

1586 2289 1671 2342 die
1695 2288 1905 2410 Ulliknrt
1938 2291 2028 2343 der
2051 2289 2351 2357 Bewegung
2373 2305 2479 2342 von
2504 2290 2632 2344 dem

1587 2372 1681 2410 aus
1718 2373 1746 2410 e
1785 2363 1823 2411 t.

1661 2373 1740 2480 185.
1790 2427 1898 2478 vel:
1961 2425 2076 2477 eine
2136 2440 2405 2492 ungenaite
2457 2414 2631 2479 Uber-

1590 2499 1808 2561 setzung
1827 2494 1921 2546 des
1943 2493 2296 2559 griechischen
2323 2497 2375 2559 ἠ,
2394 2493 2632 2547 welches

1590 2577 1775 2629 wegen
1799 2561 1892 2613 des
1925 2560 2397 2618 ausschliefsenden
2420 2560 2631 2627 Gegen-

1590 2636 1760 2683 satzes
1795 2630 2047 2681 vielmehr
2082 2629 2243 2682 durch
2279 2635 2377 2682 aut
2405 2629 2632 2682 wieder-

1590 2699 1822 2764 zugeben
1862 2713 1987 2751 war.

1660 2767 1911 2818 concidat
1932 2806 1944 2818 .
1964 2803 1978 2818 .
1999 2803 2012 2817 .
2035 2768 2305 2818 consistat.
2347 2764 2461 2829 Vgl.
2484 2764 2627 2819 plat.

1590 2835 1623 2887 l.
1651 2851 1722 2887 c.:
1773 2837 2038 2900 κινήσεως
2066 2837 2173 2901 μὲν
2208 2836 2342 2903 ἀρχή
2380 2836 2445 2884 τὸ
2482 2834 2628 2884 αὐτὸ

1588 2905 1723 2955 αὐτὸ
1762 2910 1979 2954 κινοῦν·
2016 2910 2183 2954 τοῦτο
2208 2898 2269 2953 δὲ
2298 2897 2421 2953 οὔτ’
2449 2897 2625 2952 ἀπόλ-

1586 2967 1793 3023 λυσθαι
1837 2974 1966 3022 οὔτε
2016 2970 2312 3040 γίγνεσθαι
2358 2965 2629 3032 δυνατόν,

1586 3043 1619 3105 ἢ
1657 3042 1848 3092 πάντα
1884 3043 1985 3092 τὸν
2034 3042 2274 3108 οὐρανόν
2317 3039 2507 3089 πᾶσάν
2558 3055 2628 3090 τε

1585 3111 1802 3177 γένεσιν
1851 3126 1916 3158 συ
1960 3113 2240 3159 πεσοῦσαν
2284 3111 2484 3172 στῆναι
2523 3110 2624 3156 καὶ

1588 3178 1806 3241 μήποτε
1850 3128 2017 3227 αῶιε
2058 3177 2226 3242 ἔχειν,
2281 3174 2426 3225 ὅθεν
2471 3192 2624 3238 κινη-

1590 3243 1772 3295 θέντα
1814 3246 2127 3313 yeme-naa:
2175 3241 2454 3308 allerdings
2495 3241 2622 3293 kein

1586 3311 1806 3375 Beweis,
1843 3313 1904 3363 da
1943 3312 2076 3363 auch
2113 3312 2195 3363 die
2232 3309 2491 3377 Ewigkeit
2525 3308 2624 3361 des

1587 3378 1827 3432 Weltalls
1837 3380 1920 3433 ein
1933 3381 2315 3432 unerwiesenes
2325 3378 2509 3430 Axiom
2531 3378 2621 3429 ist.

1657 3464 1811 3499 omne
1844 3449 2052 3499 caelum
2076 3451 2353 3513 omnisque
2385 3450 2619 3497 natura:

1590 3515 1681 3567 das
1728 3530 1891 3581 ganze
1928 3516 2140 3569 Weltall
2193 3515 2296 3566 und
2342 3515 2471 3567 alles
2518 3512 2621 3566 Ge-

1589 3585 1847 3650 wordene,
1872 3584 1919 3637 d.
1941 3586 1974 3637 i.
1995 3585 2099 3637 und
2118 3585 2200 3638 die
2220 3598 2382 3650 ganze
2402 3581 2620 3649 Schopf-

1585 3666 1705 3718 ung.

1657 3724 1735 3772 17.
1773 3736 1806 3770 a
1833 3723 2015 3786 pn'nm
2052 3746 2119 3766 ==
2156 3737 2188 3771 a
2220 3720 2511 3786 principio.

1658 3790 1737 3841 18.
1772 3790 1912 3839 hanc
1944 3794 2227 3853 naturam,
2276 3785 2496 3838 nfimlich
2530 3783 2619 3836 die

1585 3856 1930 3923 selbsteigene
1967 3855 2283 3925 Bewegung.
