2834 4317
455 168 538 227 58
1103 164 1292 219 L113ER
1327 166 1362 219 1.
1401 168 1485 231 20,
1520 167 1604 231 46,
1640 169 1722 219 47.
1760 168 1842 229 21,
1879 168 1965 219 48.

456 343 606 403 facta
640 338 929 412 viderunt,
975 338 1101 398 viae
1134 338 1302 417 quasi
1348 338 1637 416 quaedam
1670 345 1813 399 sunt
1840 337 1911 397 ad
1945 336 2168 417 oculoS,
2217 338 2288 398 ad
2335 337 2519 413 auris,
2553 339 2627 399 ad

457 426 617 487 naris
647 443 679 485 a
709 424 848 485 sede
879 423 1060 484 animi
1104 424 1457 502 perforatae.
1516 422 1722 503 ltaque
1766 440 1942 502 saepe
1989 430 2090 483 aut
2133 423 2491 501 cogitatione
2521 436 2627 485 aut

458 511 654 589 aliqua
685 509 739 570 vi
769 508 963 569 morbi
995 508 1260 587 impediti
1292 508 1511 587 apertis
1541 518 1720 587 atque
1767 507 2015 587 integris
2061 518 2120 569 et
2163 508 2350 570 oculis
2380 518 2440 569 et
2462 509 2623 570 auri-

458 595 570 657 bus
615 613 728 656 nec
771 594 1038 655 videmus
1072 612 1183 654 nec
1213 593 1501 669 audimuS‚
1549 603 1611 655 ut
1642 594 1813 655 facile
1843 592 2105 673 intellegi
2138 595 2328 673 possit
2356 593 2621 655 animum

457 692 518 743 et
560 680 759 742 videre
805 688 865 740 et
908 679 1129 754 audire,
1177 697 1302 740 non
1349 697 1448 740 eas
1491 679 1696 757 partis,
1755 697 1905 758 quae
1951 679 2117 757 quasi
2162 680 2457 741 fenestrae
2501 680 2624 741 sint
2670 689 2701 737 5

456 766 660 840 animi,
692 763 909 843 quibus
937 772 1135 825 tamen
1169 763 1392 825 sentire
1423 764 1572 825 nihil
1602 774 1781 843 queat
1809 782 2000 837 mem,
2033 764 2146 826 nisi
2177 764 2234 825 id
2254 776 2401 843 ‘agat
2430 774 2491 826 et
2518 765 2621 825 ad-

458 853 552 914 sit.
613 847 812 922 Quid?
844 850 1004 930 quod
1035 850 1240 911 eadem
1272 857 1476 910 mente
1520 868 1616 911 res
1657 848 2073 911 dissimillimas
2116 850 2620 930 comprendimuS,

458 946 524 999 ut
554 937 757 1010 colore,
819 982 834 1010 ‚
866 953 1160 1016 saporem,
1193 934 1474 1009 calorem,
1505 935 1769 1010 odorem,
1800 932 2061 995 sonum?
2108 953 2260 1013 quae
2292 953 2618 1015 numquam

458 1022 724 1102 quinque
770 1021 997 1082 nuntiis
1041 1021 1276 1082 animus
1306 1027 1721 1100 cognosceret,
1770 1020 1882 1082 nisi
1928 1020 2001 1081 ad
2032 1038 2167 1081 eum
2200 1021 2401 1081 omnia
2431 1022 2616 1082 refer-

455 1117 671 1169 rentur
712 1115 774 1167 et
815 1106 867 1168 is
913 1106 1178 1168 omnium
1210 1105 1388 1167 iudex
1417 1105 1580 1168 solus
1622 1113 1795 1167 esset.
1856 1109 2048 1185 Atque
2093 1124 2163 1167 ea
2189 1108 2462 1185 profecto
2492 1116 2620 1168 tum
2669 1113 2731 1162 10

457 1193 645 1253 multo
689 1191 934 1272 puriora
977 1201 1039 1253 et
1080 1191 1427 1252 dilucidiora
1471 1199 1828 1262 cernentur,
1888 1209 2024 1252 cum
2085 1210 2204 1270 quo
2250 1199 2459 1252 natura
2501 1192 2620 1252 fert

352 1290 409 1339 47
457 1277 609 1340 liber
651 1277 884 1339 animus
926 1276 1286 1357 pervenerit.
1348 1277 1495 1337 Nam
1542 1295 1708 1338 nunc
1753 1275 2009 1355 quidem,
2056 1294 2411 1355 quamquam
2457 1276 2616 1337 fora—

458 1365 614 1426 mina
645 1362 763 1437 illa,
798 1380 949 1443 quae
977 1370 1187 1443 patent
1208 1362 1278 1423 ad
1302 1362 1569 1423 animum
1601 1380 1634 1423 a
1656 1380 1928 1441 corpore,
1960 1361 2334 1423 callidissimo
2365 1361 2614 1422 artificio

459 1458 667 1511 natura
699 1448 980 1509 fabricata
1011 1458 1120 1521 est,
1153 1458 1348 1508 tamen
1375 1447 1632 1509 terrenis
1655 1447 2074 1526 concretisque
2097 1446 2451 1526 corporibus
2474 1456 2618 1508 sunt

457 1535 816 1612 intersaepta
840 1532 1094 1611 quodam
1110 1532 1326 1608 modo;
1358 1551 1495 1594 cum
1526 1541 1723 1594 autem
1757 1531 1905 1592 nihil
1926 1533 2041 1594 erit
2061 1541 2299 1612 praeter
2329 1532 2615 1606 animum,
2660 1536 2722 1586 15

460 1618 621 1680 nulla
645 1636 743 1679 res
765 1616 995 1679 obiecta
1021 1616 1301 1695 impediet
1325 1636 1445 1695 quo
1477 1618 1676 1678 minus
1705 1617 1995 1696 percipiat
2025 1618 2197 1696 quale
2227 1617 2489 1697 quidque
2520 1617 2614 1678 sit.

634 1702 912 1775 Quamvis
955 1702 1196 1781 copiose
1241 1700 1388 1762 haec
1434 1702 1785 1776 diceremuS,
1831 1702 1879 1762 si
1910 1720 2007 1763 res
2046 1701 2393 1782 postularet,
2440 1719 2614 1781 quam

456 1787 663 1856 multa,
696 1805 871 1866 quam
901 1788 1077 1859 varia,
1109 1797 1333 1866 quanta
1362 1787 1696 1866 spectacula
1727 1786 1961 1848 animus
1991 1787 2052 1848 in
2082 1787 2232 1848 locis
2262 1787 2614 1849 caelestibus

355 1885 413 1935 48
459 1881 618 1935 esset
646 1872 976 1933 habiturus.
1039 1872 1204 1944 Quae
1236 1872 1478 1950 quidem
1511 1873 1781 1951 cogitans
1824 1872 1989 1933 soleo
2033 1890 2209 1952 saepe
2252 1873 2456 1934 mirari
2486 1891 2612 1933 non

458 1958 758 2019 nullorum
803 1957 1182 2019 insolentiam
1211 1957 1725 2037 philosophorum,
1769 1957 1871 2035 qui
1919 1967 2164 2018 naturae
2207 1958 2617 2038 cognitionem
2659 1962 2722 2012 20

456 2043 823 2105 admirantur
845 2042 1091 2122 eiusque
1121 2042 1420 2103 inventori
1444 2052 1503 2104 et
1525 2041 1782 2122 principi
1806 2042 2022 2121 gratias
2041 2042 2404 2105 exsultantes
2429 2050 2617 2123 agunt

146 1655 267 1753 *Q*
350 1712 423 1767 21

528 2213 572 2264 1.
607 2211 729 2260 viae
766 2236 838 2247 --
857 2206 1188 2274 perforatae.
1259 2207 1376 2274 Vgl.
1417 2207 1484 2260 de

453 2278 595 2331 deor.
615 2294 664 2331 n.
683 2276 760 2329 111.
780 2279 831 2340 4,
850 2280 907 2331 9:
933 2277 1040 2328 duo
1067 2277 1271 2327 lumina
1294 2276 1484 2341 (Licin-

454 2345 758 2411 6ffnungen,
802 2344 1134 2407 Sebelocher)
1178 2347 1244 2396 ab
1298 2348 1482 2397 animo

454 2415 527 2466 ad
560 2414 745 2466 ocutos
763 2411 1049 2479 perforata
1073 2415 1382 2478 (habemus).
1408 2414 1483 2465 Zu

452 2484 621 2536 dieser
662 2481 879 2534 Ansicht
930 2480 1140 2534 wurden
1194 2481 1278 2533 die
1325 2481 1482 2533 Alten

452 2551 614 2605 durch
647 2550 732 2603 die
774 2550 846 2602 im
880 2548 1153 2602 Leichnam
1195 2548 1481 2602 hlutleeren

451 2618 685 2671 Arterien
738 2618 974 2684 geffihrt3
1031 2617 1167 2670 deun
1220 2633 1324 2670 von
1378 2616 1480 2670 den

451 2686 657 2739 Nerven
693 2685 771 2737 als
816 2685 916 2738 den
954 2685 1189 2751 Organen
1238 2686 1329 2738 der
1361 2686 1477 2738 Em-

451 2753 701 2820 pfindung
737 2753 958 2805 wolsten
1001 2756 1077 2805 sie
1121 2754 1256 2806 noch
1292 2753 1477 2806 nichts.

451 2820 666 2874 Nervus
701 2819 858 2872 heifst
893 2821 984 2873 der
1016 2820 1239 2873 Muskel.

518 2892 567 2942 4.
603 2892 842 2940 animum
878 2916 945 2928 —-
980 2889 1187 2942 audire.
1240 2887 1359 2941 Dies
1393 2888 1479 2942 die

1584 2209 1690 2261 und
1715 2210 1820 2275 vgl.
1842 2210 1925 2273 22,
1944 2211 2010 2262 50
2028 2208 2133 2260 und
2151 2211 2242 2262 51:
2280 2209 2460 2274 qualis
2494 2213 2617 2263 ani-

1585 2293 1701 2329 mus
1733 2280 1819 2332 sil.

1657 2365 1736 2416 17.
1774 2363 2029 2427 Quamvis
2052 2363 2262 2427 copiose
2283 2385 2352 2407 a·
2375 2365 2491 2412 tam
2525 2378 2615 2413 co—

1582 2433 1752 2496 piose,
1781 2446 1940 2497 quam
1963 2432 2062 2484 vis.
2124 2428 2327 2481 Ehenso
2343 2428 2420 2481 ΙΙΙ.
2441 2432 2525 2494 30,
2546 2429 2610 2481 73

1586 2498 1691 2550 und
1725 2498 1811 2554 IV.
1837 2500 1920 2562 26,
1944 2501 2029 2550 57.

1654 2587 1734 2637 19.
1779 2587 1914 2634 esset
1954 2585 2254 2639 habiturus.
2322 2580 2421 2634 Der
2466 2582 2612 2650 Conj.

1580 2651 1704 2717 lmp.
1740 2652 1867 2704 oder
1901 2650 2111 2719 quupf.
2146 2652 2218 2701 im
2254 2649 2611 2716 Bedingungs·

1581 2727 1724 2772 satze
1759 2719 1849 2771 hat
1886 2720 1966 2771 bei
2004 2720 2179 2771 Cicero
2223 2720 2277 2770 in
2323 2718 2413 2770 der
2447 2717 2611 2784 Regel

1581 2786 1797 2839 Einflufs
1840 2787 1932 2839 auf
1971 2786 2064 2840 das
2107 2786 2335 2855 Tempus
2382 2786 2474 2839 des
2518 2786 2609 2837 ab·

1581 2855 1838 2922 hiingigen
1875 2854 2027 2920 Konj.
2099 2855 2155 2909 S.
2182 2872 2228 2910 z.
2255 2858 2304 2920 5,
2329 2857 2377 2907 9.

447 2956 666 3009 Ansicht
700 2956 792 3008 des
825 2955 1183 3021 Parmenides,
1224 2955 1477 3024 Empedo-

450 3026 557 3077 cles
601 3042 655 3079 u.
692 3039 738 3076 a.
826 3024 895 3076 So
948 3029 1095 3090 sagte
1145 3024 1479 3092 Epicharmus

448 3097 511 3159 (s.
537 3109 601 3145 zu
626 3095 677 3157 8,
714 3093 829 3154 15):
872 3091 1026 3145 Νοῦς
1068 3096 1173 3162 ὁρῇ
1213 3097 1304 3144 καὶ
1351 3101 1481 3146 voce

452 3165 664 3214 ἀκούει·
705 3155 872 3212 τᾶλλα
905 3164 1069 3230 κωφὰ
1102 3165 1194 3214 καὶ
1232 3157 1426 3231 τυφλά.

519 3232 567 3283 6.
601 3230 663 3281 id
695 3233 830 3294 agat
872 3226 1054 3280 darauf
1086 3229 1303 3295 ausgeht
1337 3230 1386 3283 d.
1425 3230 1476 3284 h.

449 3299 648 3360 achtet;
685 3296 791 3363 vgl.
816 3314 861 3351 z.
887 3299 970 3362 38,
996 3301 1085 3359 913
1112 3299 1253 3348 adsit
1275 3298 1360 3350 hei
1383 3297 1475 3350 der

449 3367 615 3420 Sache
650 3365 733 3418 ist.

517 3438 565 3487 9.
600 3436 824 3486 nuntiis.
885 3431 1001 3498 Vgl.
1025 3432 1089 3484 de
1112 3432 1213 3500 leg.
1237 3432 1275 3484 1.
1302 3435 1352 3497 9,
1378 3434 1476 3486 26:

446 3507 652 3554 natura
663 3503 979 3565 —(homini)
996 3516 1180 3552 sensus
1198 3505 1472 3568 tamquam

447 3570 700 3621 satellites
734 3571 988 3620 attribuit
1023 3586 1090 3620 ac
1121 3573 1368 3631 nuntios,
1405 3569 1471 3622 de

448 3638 589 3690 deor.
614 3653 663 3689 n.
687 3636 741 3689 11.
769 3638 853 3701 56,
879 3639 993 3690 140.

520 3709 602 3760 14.
639 3708 871 3756 terrenis
923 3708 1289 3771 concretisque
1339 3706 1474 3769 (ver-

445 3772 708 3839 dichtete),
744 3774 845 3825 wie
879 3771 1059 3837 Staub,
1096 3772 1319 3826 Schleim
1355 3790 1404 3826 u.
1425 3789 1472 3827 a.

520 3844 599 3898 16.
635 3841 791 3909 quale
816 3841 1049 3909 quidque
1070 3846 1159 3911 sit,
1177 3858 1218 3895 s.
1238 3859 1282 3898 z.
1306 3846 1386 3908 10,
1405 3844 1471 3896 20

1648 2956 1759 2992 non
1774 2941 2052 2992 nullorum
2067 2969 2138 2979 —
2150 2939 2607 3006 philosophorum.

1580 3006 1748 3061 Dutch
1771 3009 1855 3061 die
1881 3006 2119 3074 Stellung
2140 3024 2244 3060 von
2264 3007 2609 3074 philosopho·

1577 3092 1701 3127 rum
1746 3077 1876 3129 wird
1929 3078 2265 3142 angedeutet‚
2319 3075 2433 3129 dass
2478 3077 2607 3141 jene

1578 3142 1789 3197 Minner
1847 3145 1946 3197 den
2001 3144 2199 3198 Namen
2256 3143 2605 3211 Philosophen

1577 3213 1673 3264 mit
1714 3212 1939 3265 Unrecht
1985 3213 2183 3266 fiihren.
2253 3212 2321 3265 Es
2369 3212 2485 3264 sind
2521 3212 2606 3266 die

1575 3280 1859 3347 Epikureer
1894 3283 2147 3348 gemeint‚
2193 3280 2348 3333 deren
2383 3281 2437 3332 in
2474 3279 2604 3333 Rom

1576 3348 1774 3401 damals
1810 3349 1929 3402 sehr
1965 3350 2192 3401 beliebte
2226 3348 2390 3401 Lehre
2425 3348 2604 3401 Cicero

1575 3418 1659 3469 hei
1676 3417 1828 3482 jeder
1852 3416 2189 3483 Gelegenheit
2210 3422 2388 3481 streng
2422 3415 2603 3470 tadelt.

1572 3484 1682 3538 Aus
1726 3484 1895 3537 dieser
1945 3484 2185 3552 Neigung
2229 3487 2297 3537 ist
2340 3484 2472 3537 auch
2519 3484 2604 3537 die

1574 3554 1958 3620 gegenwiirtige
1993 3552 2290 3620 Digression
2326 3551 2604 3620 hervorge·

1574 3637 1793 3689 gangen.

1644 3709 1726 3759 21.
1777 3708 2051 3758 inventori
2101 3710 2155 3757 ct
2197 3708 2445 3773 principi
2488 3706 2603 3772 (Ur-

1575 3774 1768 3840 heber).
1842 3773 1912 3826 So
1963 3774 2091 3826 wird
2126 3772 2321 3841 Epikur
2356 3782 2600 3842 gentiunt,

1577 3845 1678 3895 wie
1714 3858 1772 3896 es
1805 3858 1909 3894 von
1946 3842 2086 3895 Zeno
2120 3841 2281 3896 Acad.
2306 3842 2362 3897 Π.
2388 3845 2475 3908 42,
2504 3847 2598 3898 131
