2834 4317
359 643 418 694 41

467 155 546 219 78
1115 155 1307 209 LIBER
1340 156 1425 214 iv,
1466 161 1548 224 18,
1570 161 1653 212 41.
1673 160 1759 214 42.
1796 161 1878 225 19,
1895 160 1977 211 43.

463 348 670 408 graves
711 329 1012 409 corporiS,
1057 328 1108 390 si
1136 328 1434 390 bonorum
1480 329 1748 406 amissio,
1793 330 1843 392 si
1887 329 2170 404 caecitas,
2213 329 2262 391 si
2304 329 2626 392 exsilium?

465 417 528 477 Si
558 432 669 496 pro
700 413 949 494 singulis
980 413 1147 475 malis
1188 414 1591 493 aegritudines
1636 415 2020 489 accederent,
2060 410 2293 477 'summa
2322 433 2391 477 ea
2430 416 2629 491 fieret,

466 519 617 580 quae
649 518 775 561 non
806 499 1220 561 sustineretur.

637 584 754 655 Qui
784 583 1027 645 modum
1058 583 1238 663 igitur
1264 583 1405 644 vitio
1440 584 1689 662 quaerit,
1732 544 2000 646 similiter
2042 584 2215 659 facit,
2258 591 2326 644 ut
2355 584 2404 646 si
2446 604 2627 665 posse

461 678 632 751 putet
672 687 841 745 eum,
889 668 988 748 qui
1020 687 1085 730 se
1116 687 1149 728 e
1177 667 1435 730 Leucata
1465 669 1964 765 praecipitaverit,
2008 668 2305 730 sustinere
2335 688 2439 745 se,
2488 688 2627 731 cum

460 756 617 817 velit.
677 753 756 816 Ut
784 753 946 815 enim
972 752 1030 813 id
1057 772 1181 814 non
1213 762 1431 834 potest,
1461 753 1548 815 sic
1577 754 1810 816 animus
1840 753 2224 833 perturbatus
2255 762 2315 814 et
2342 753 2627 819 incitatus

366 839 381 846 “
459 858 572 902 nec
597 838 875 901 cohibere
903 857 968 901 se
987 846 1204 918 potest,
1235 857 1366 912 nec,
1397 857 1518 917 quo
1542 839 1674 900 loco
1697 839 1835 914 volt,
1866 838 2159 900 insistere.
2216 838 2622 919 Omninoque,

357 1018 417 1068 42

354 1921 426 1977 19

462 943 613 1003 quae
655 922 981 986 crescentia
1021 923 1356 1002 perniciosa
1402 931 1573 998 sunt,
1618 924 1821 985 eadem
1865 931 2009 985 sunt
2044 922 2248 985 vitiosa
2293 925 2623 985 nascentia.

461 1008 784 1089 Aegritudo
828 1015 1024 1069 autem
1067 1017 1419 1087 ceteraeque
1464 1008 1964 1087 perturbationes,
2006 1008 2391 1088 amplificatae
2434 1017 2623 1084 certe,

460 1094 776 1175 pestiferae
806 1100 980 1167 sunt3
1023 1091 1204 1170 igitur
1234 1093 1411 1154 etiam
1440 1102 1750 1173 susceptae
1783 1093 2070 1155 continuo
2100 1093 2161 1154 in
2196 1111 2406 1174 magna
2437 1094 2624 1174 pestis

350 1236 356 1239 .
460 1187 628 1259 parte
656 1186 988 1243 versantur.
1047 1176 1286 1239 Etenim
1315 1179 1477 1259 ipsae
1507 1196 1571 1239 se
1601 1178 1949 1258 impellunt,
1982 1176 2086 1239 ubi
2113 1178 2298 1240 semel
2327 1197 2358 1240 a
2389 1179 2625 1241 ratione

459 1263 785 1326 discessum
818 1270 925 1338 est,
957 1262 1202 1342 ipsaque
1226 1262 1339 1325 sibi
1369 1261 1742 1325 imbecillitas
1769 1262 2041 1344 indulget
2062 1263 2122 1323 in
2156 1263 2457 1343 altumque
2478 1282 2624 1345 pro-

458 1348 692 1411 vehitur
721 1348 1071 1428 imprudens
1101 1366 1215 1409 nec
1238 1348 1464 1428 reperit
1484 1347 1686 1409 locum
1715 1347 2099 1410 consistendi.
2161 1347 2353 1418 Quam
2381 1348 2457 1410 ob
2490 1367 2622 1409 rem

463 1433 614 1495 nihil
643 1433 892 1495 interest
921 1441 1122 1494 utrum
1153 1432 1488 1495 moderatas
1517 1432 2000 1513 perturbationes
2024 1431 2360 1513 approbent
2382 1451 2458 1494 an
2489 1452 2624 1495 mo-

462 1519 723 1580 deratam
751 1517 1129 1591 iniustitiam,
1173 1519 1535 1580 moderatam
1566 1518 1889 1596 ignaviam,
1933 1517 2297 1579 moderatam
2325 1516 2625 1598 intempe-

459 1604 730 1664 rantiam.
806 1601 922 1673 Qui
964 1603 1125 1663 enim
1171 1603 1324 1665 vitiis
1369 1604 1612 1665 modum
1671 1603 1949 1683 apponit,
2001 1602 2051 1664 is
2101 1612 2333 1682 partem
2373 1604 2625 1682 suscipit

457 1688 754 1749 vitiorum.
816 1686 989 1758 Quod
1019 1705 1156 1749 cum
1203 1687 1401 1766 ipsum
1432 1706 1542 1768 per
1582 1706 1645 1750 se
1689 1688 1960 1749 odiosum
1990 1695 2115 1762 est,
2160 1696 2288 1749 tum
2330 1707 2400 1750 eo
2431 1687 2622 1749 mole-

459 1773 607 1835 stius
623 1818 640 1846 ,
686 1771 824 1850 quia
866 1772 1098 1833 suntin
1142 1771 1376 1834 lubrico
1419 1773 1781 1852 incitataque
1825 1772 2009 1834 semel
2051 1772 2297 1853 proclivi
2336 1773 2623 1836 labuntur

461 1857 861 1935 sustinerique
894 1856 1059 1918 nullo
1090 1857 1268 1918 modo
1297 1866 1569 1936 possunt.

633 1941 816 2016 Quid,
870 1941 1028 2020 quod
1081 1941 1235 2002 idem
1285 1941 1664 2022 Peripatetici
1716 1941 2195 2021 perturbationes
2244 1941 2417 2015 istaS,
2472 1961 2624 2022 quas

460 2045 573 2088 nos
602 2026 1009 2105 exstirpandas
1039 2033 1347 2106 putamus,
1392 2028 1526 2088 non‘
1549 2027 1725 2088 modo
1758 2027 2045 2088 naturalis
2074 2045 2203 2089 esse
2233 2027 2465 2100 dicunt,
2511 2027 2621 2089 sed

458 2110 634 2173 etiam
664 2110 887 2173 utiliter
914 2129 948 2170 a
979 2120 1188 2172 natura
1229 2111 1424 2188 datas;
1470 2129 1727 2192 quorum
1773 2120 1865 2173 est
1906 2111 2039 2172 talis
2082 2111 2287 2172 oratio.
2349 2111 2622 2173 Primum

457 2195 657 2258 multis
687 2195 881 2257 verbis
910 2196 1278 2257 iracundiam
1309 2196 1571 2272 laudant,
1607 2205 1803 2257 cotem
1835 2196 2201 2258 fortitudinis
2231 2214 2360 2258 esse
2388 2196 2622 2273 dicunt,

525 2332 572 2384 2.
605 2320 1169 2398 pro‘entsprechend’,
1204 2331 1305 2383 wie
1340 2330 1376 2383 1.
1400 2333 1485 2393 45,

522 2469 573 2519 4.
615 2470 681 2516 ut
724 2468 801 2531 εἰ,
846 2480 938 2517 zur
978 2464 1299 2552 Einfiihrung
1342 2466 1485 2518 eines

454 2533 756 2596 exemplum
798 2532 1033 2595 fic,tum
1059 2534 1161 2585 wie
1203 2532 1260 2584 11.
1296 2535 1354 2598 4,
1394 2535 1481 2595 12;

455 2604 538 2667 27,
565 2603 658 2662 67;
697 2600 762 2652 de
797 2599 884 2653 off.
918 2600 954 2652 1.
992 2603 1194 2665 25,8·1=
1234 2601 1486 2652 similiter

452 2668 636 2730 faeere
670 2684 758 2719 eos
785 2697 847 2706 —
873 2673 939 2719 ut
982 2671 1032 2718 si
1071 2674 1276 2720 nautae
1311 2673 1485 2720 certa-

451 2743 602 2802 rent,
639 2739 759 2803 quis
793 2751 978 2788 eorum
1010 2739 1348 2801 potissimum
1378 2752 1483 2802 gu-

455 2807 722 2857 hev-naret.

522 2875 570 2924 5.
593 2872 850 2936 Leueiita,
879 2865 1136 2934 Λευκάτη
1138 2870 1317 2934 ,jetzt
1341 2871 1481 2937 Gapo

451 2938 675 3000 Ducato,
723 2937 816 2989 das
836 2909 1170 3003 Vorgebirge
1216 2937 1307 2989 der
1346 2937 1481 2990 lnsel

449 2975 703 3057 Leucadia
738 3004 864 3056 oder
887 3004 1081 3059 Leucas
1115 3005 1264 3069 (jetzt
1289 3003 1479 3058 Sancta

450 3072 665 3137 Maura),
698 3088 802 3125 von
837 3071 1089 3124 welchem
1119 3072 1330 3138 Sappho
1366 3074 1479 3125 sich

450 3140 532 3192 ins
566 3139 707 3192 Meet
742 3144 973 3207 gestiirzt
1007 3141 1174 3193 haben
1209 3141 1326 3193 soll.

521 3211 568 3262 6.
603 3206 665 3261 id
694 3224 804 3261 non
839 3213 1045 3275 potest,
1095 3208 1265 3261 wiel.
1307 3212 1386 3274 11,
1411 3212 1476 3262 23

449 3278 500 3328 si
526 3281 726 3343 posset

520 3348 601 3398 10.
636 3347 839 3410 igitur3
877 3360 918 3397 s.
953 3345 1089 3398 zul.
1128 3348 1286 3409 6,11.

517 3417 579 3464 in
613 3428 814 3479 magna
853 3416 1018 3493 pestis
1057 3418 1220 3480 parte
1264 3428 1480 3464 versan-

449 3486 541 3532 tur
565 3474 707 3532 ‘sind
737 3482 833 3532 mit
866 3482 1032 3533 einem
1069 3479 1280 3532 starken
1303 3481 1478 3532 Anteil

447 3564 549 3601 von
563 3548 1005 3600 Verderblichkeit
1029 3542 1302 3599 behaftet'.
1354 3547 1475 3613 Vgl.

447 3615 509 3667 V.
542 3618 624 3678 38,
652 3618 776 3668 111:
814 3632 924 3667 non
958 3619 1168 3666 versari
1200 3618 1262 3666 in
1298 3617 1476 3667 oeulo-

445 3699 571 3734 rum
603 3684 718 3734 ulla
759 3685 1124 3745 iucunditate5
1175 3683 1239 3734 de
1273 3698 1381 3749 rep.
1416 3683 1475 3739 11.

450 3754 533 3817 15,
561 3752 652 3803 29:
690 3767 860 3815 neque
894 3754 1077 3802 koe—
1097 3751 1211 3802 ulla
1249 3756 1330 3802 est
1360 3767 1477 3802 um-

449 3834 610 3885 quam
643 3820 705 3868 in
741 3818 1077 3872 dubitatione
1110 3824 1395 3873 versatum.

1660 2333 1743 2383 11.
1776 2330 2020 2395 impellit,
2061 2330 2164 2381 wie
2200 2329 2283 2381 die
2318 2328 2489 2382 Ruder
2524 2330 2621 2383 das

1590 2396 1756 2450 Schiff
1785 2397 1909 2449 oder
1944 2397 2034 2453 der
2068 2396 2224 2449 Wind
2260 2397 2342 2450 die
2380 2397 2549 2464 Segel.

1658 2468 1739 2518 12.
1772 2466 2035 2530 indulget.
2089 2464 2206 2531 Vgl.
2231 2462 2348 2519 Hor.
2375 2465 2459 2518 od.
2484 2465 2540 2519 11.
2566 2469 2620 2531 2,

1589 2535 1681 2587 13:
1727 2533 1928 2585 Crescit
1968 2533 2256 2599 indulgens
2303 2536 2410 2585 sibi
2459 2534 2620 2585 dirus

1587 2601 1840 2669 hydropa.

1561 2696 1570 2703 ·
1659 2671 1739 2722 16.
1771 2670 1923 2719 vitiis
1956 2669 2171 2719 modum
2209 2670 2463 2734 apponit,
2512 2667 2618 2721 wie

1587 2737 1738 2788 einen
1772 2735 2030 2788 Wachter.

1658 2806 1737 2858 18.
1752 2805 1990 2869 proclivi
2007 2805 2263 2856 labuntur
2272 2796 2619 2883 ‘absclgiissiffi

1584 2870 1633 2923 d.
1669 2873 1719 2923 h.
1758 2871 2018 2923 schnell
2061 2861 2471 2933 herabstt’irzen'‚
2508 2871 2617 2923 wie

1584 2938 1647 2991 de
1693 2938 1782 2994 fin.
1814 2938 1870 2992 V.
1897 2942 1980 3003 28,
2006 2941 2100 2992 84:
2146 2940 2385 3006 proclivi
2432 2942 2620 2990 eum-it

1583 3011 1779 3059 oratio.
1838 3005 1907 3058 Es
1941 3008 2010 3058 ist
2043 3007 2126 3059 die
2162 3008 2319 3058 altere
2342 3004 2495 3057 Form
2518 3005 2619 3060 des

1580 3074 1713 3193 &din
1742 3076 1988 3141 proclive
2022 3075 2144 3134 (wie
2170 3077 2287 3126 lieri
2320 3072 2424 3126 und
2449 3075 2617 3140 ltere).

1649 3213 1730 3263 23.
1781 3211 2126 3262 iracundiam
2174 3210 2425 3274 laudant,
2470 3209 2520 3262 d.
2558 3210 2617 3264 h.

1580 3278 1723 3330 nicht
1765 3278 1847 3330 die
1895 3279 2186 3329 iracundia
2229 3277 2301 3327 im
2384 3277 2618 3332 ewohnl.

1580 3344 1739 3397 Sinne
1803 3340 2131 3429 (ὀργιλότης,
2191 3345 2290 3396 den
2382 3344 2617 3410 abzorn),

1579 3413 1803 3466 sondern
1829 3413 1929 3465 den
1952 3409 2246 3493 &vnde-⁶2
2220 3429 2328 3478 ira,
2364 3417 2501 3464 etwa
2526 3411 2618 3466 die

1571 3472 1887 3562 ‘Zornglut',
1942 3495 2053 3531 was
2096 3481 2192 3532 mit
2238 3494 2444 3532 unserm
2490 3476 2618 3533 ‘Be—

1616 3520 1905 3615 eisterung’
1924 3548 2160 3600 ziemlich
2178 3547 2617 3603 zusammensallt.

1619 3621 1679 3668 ῆι·
1713 3620 1803 3668 ira
1835 3622 1952 3683 sagt
1976 3617 2153 3668 Cicero
2177 3616 2484 3678 iracundia,
2521 3632 2620 3670 um

1579 3685 1655 3736 sie
1690 3683 1975 3737 deutlicher
2008 3684 2086 3736 als
2120 3683 2392 3736 bleibende
2419 3655 2619 3749 Ei’gen-

1579 3752 1775 3817 schaft,
1823 3752 1966 3805 nicht
2000 3752 2077 3803 als
2112 3751 2619 3818 vorfibergehenden

1577 3820 1821 3887 Zustand,
1840 3836 1905 3872 zu
1916 3819 2243 3873 bezeichnen.
2259 3818 2376 3885 Vgl.
2387 3819 2617 3875 Aristot.
