2834 4317
380 1240 459 1296 28

430 153 565 229 ,90

1289 151 1477 205 LIBER
1510 151 1595 207 IV.
1631 155 1714 219 28,
1727 156 1811 208 60.

482 339 685 393 utrum
762 331 835 394 ad
904 330 1237 393 universam
1306 326 1848 408 perturbationem,
1921 346 2072 409 quae
2137 339 2227 391 est
2294 331 2635 411 aspernatio

483 415 731 479 rationis
772 426 874 481 aut
913 415 1212 497 appetitus
1254 414 1691 489 vehementior,
1738 433 1813 476 an
1859 412 1933 476 ad
1967 414 2263 495 singulas,
2304 425 2373 477 ut
2403 416 2477 478 ad
2509 435 2635 478 me-

482 512 640 576 tum,
693 502 1051 577 lubidinem,
1107 500 1363 580 reliquas
1413 500 1623 563 melius
1664 498 2013 562 adhibeatur
2055 501 2272 575 oratio,
2329 510 2388 563 et
2432 508 2632 563 utrum

483 588 705 653 illudne
737 608 860 651 non
891 588 1156 650 videatur
1186 604 1361 666 aegre
1392 586 1743 661 ferundum,
1775 604 1848 647 ex
1878 604 1998 665 quo
2029 595 2305 666 suscepta
2334 587 2411 648 sit
2441 587 2635 667 aegri·

481 672 658 746 tudo,
691 693 765 736 an
800 674 1069 737 omnium
1111 689 1311 733 rerum
1341 670 1603 732 tollenda
1633 671 1880 733 omnino
1910 670 2251 751 aegritudo,
2295 679 2383 747 ut,
2415 672 2465 734 si
2497 672 2633 750 quis

482 776 660 836 aegre
682 761 832 821 ferat
861 778 924 822 se
953 774 1275 839 pauperem
1308 775 1458 830 esse,
1488 756 1626 817 idne
1659 756 1943 836 disputeS,
1975 764 2382 837 paupertatem
2412 758 2637 818 malum

484 862 608 906 non
654 863 812 920 esse,
862 863 938 906 an
996 843 1301 905 hominem
1354 859 1532 921 aegre
1572 843 1729 903 ferre
1774 842 1924 903 nihil
1966 849 2265 923 oportere.
2339 842 2638 905 Nimirum

483 929 599 990 hoc
630 929 859 1005 melius,
893 948 987 1004 ne,
1018 928 1067 991 si
1097 930 1252 990 forte
1282 928 1356 989 de
1385 933 1733 1006 paupertate
1764 946 1885 989 non
1919 928 2303 1007 persuaseriS,
2334 928 2411 990 sit
2441 928 2639 1008 aegri-

483 1014 676 1076 tudini
720 1013 1202 1089 concedendum;
1246 1011 1615 1093 aegritudine
1659 1020 1856 1075 autem
1899 1011 2127 1075 sublata
2164 1012 2421 1093 propriis
2451 1013 2634 1075 ratio-

484 1099 688 1175 nibuS,
735 1099 951 1181 quibus
990 1100 1120 1162 heri
1163 1100 1252 1162 usi
1283 1115 1518 1171 summ,
1574 1097 1831 1177 quodam
1863 1099 2038 1160 modo
2068 1098 2243 1160 etiam
2266 1098 2636 1178 paupertatis

482 1186 701 1247 malum
731 1186 976 1248 tollitur.

655 1269 773 1333 Sed
816 1271 1010 1334 omnis
1041 1269 1168 1334 eius
1198 1269 1356 1330 modi
1379 1266 1751 1349 perturbatio
1784 1268 1968 1329 animi
1997 1268 2329 1350 placatione
2358 1267 2635 1331 abluatur

487 1357 583 1419 illa
625 1357 897 1436 quidem,
941 1374 1079 1418 cum
1122 1355 1336 1417 doceas
1380 1371 1496 1415 nec
1537 1351 1766 1414 bonum
1803 1353 1946 1415 illud
1977 1373 2127 1429 esse,
2161 1373 2233 1416 ex
2265 1373 2383 1434 quo
2415 1353 2637 1415 laetitia

483 1452 585 1505 aut
613 1442 793 1505 libido
825 1442 1080 1517 oriatur,
1119 1458 1231 1502 nec
1259 1438 1480 1500 malum
1500 1483 1516 1513 ,
1553 1456 1624 1500 ex
1656 1457 1775 1518 quo
1807 1448 1910 1500 aut
1939 1446 2130 1501 metus
2158 1447 2260 1502 aut
2289 1439 2636 1519 aegritudo;

480 1547 687 1590 verum
707 1537 904 1590 tamen
928 1527 1073 1590 haec
1097 1535 1186 1588 est
1208 1533 1371 1586 certa
1394 1531 1455 1586 et
1475 1523 1716 1604 propria
1737 1524 1984 1599 sanatio,
2008 1523 2059 1586 si
2081 1525 2294 1587 doceas
2314 1525 2475 1604 ipsas
2494 1543 2636 1605 per-

482 1611 856 1676 turbationes
897 1630 1008 1692 per
1051 1630 1114 1674 se
1156 1628 1286 1673 csse
1314 1610 1553 1671 vitiosas
1584 1626 1698 1670 nec
1730 1608 1950 1671 habere
1981 1609 2298 1690 quicquam
2326 1618 2429 1672 aut
2458 1618 2637 1671 natu-

485 1699 606 1759 rale
629 1707 729 1759 aut
753 1697 1172 1771 necessarium,
1205 1703 1271 1756 ut
1295 1695 1481 1774 ipsam
1511 1694 1942 1775 aegritudinem
1975 1694 2151 1756 leniri
2179 1694 2467 1768 videmus,
2497 1713 2640 1756 cum

486 1782 776 1844 obicimus
817 1780 1220 1843 maerentibus
1259 1779 1721 1842 imbecillitatem
1764 1779 1948 1841 animi
1977 1780 2335 1855 effeminati,
2378 1797 2641 1859 cumque

486 1885 695 1927 eorum
728 1867 1068 1947 gravitatem
1100 1865 1614 1945 constantiamque
1644 1865 1969 1941 laudamus,
2002 1865 2105 1945 qui
2136 1884 2259 1928 non
2289 1865 2638 1927 turbulente

481 1952 739 2013 humana
780 1952 1100 2032 patiantur.
1169 1949 1344 2022 Quod
1384 1951 1624 2030 quidem
1669 1951 1822 2012 solet
1852 1950 1936 2012 eis
1981 1951 2156 2013 etiam
2184 1951 2482 2026 accidere,
2534 1951 2638 2030 qui

482 2035 582 2098 illa
611 2038 758 2100 mala
799 2055 927 2100 esse
959 2043 1243 2109 censent,
1290 2036 1533 2098 ferenda
1563 2044 1762 2097 tamen
1794 2054 1986 2114 aequo
2018 2036 2216 2098 animo
2247 2035 2637 2098 arbitrantur.

480 2121 656 2184 Putat
706 2122 916 2203 aliquis
961 2141 1088 2184 esse
1134 2122 1490 2201 voluptatem
1537 2119 1797 2196 bonum,
1853 2121 2001 2183 alius
2041 2129 2237 2183 autem
2285 2121 2637 2202 pecuniam;

479 2216 677 2271 tamen
726 2217 787 2270 et
830 2207 928 2270 ille
970 2206 1043 2269 ab
1087 2208 1543 2287 intemperantia
1573 2214 1633 2268 ct
1660 2206 1756 2268 hic
1786 2205 1860 2267 ab
1893 2206 2129 2268 avaritia
2160 2207 2388 2269 avocari
2418 2216 2639 2287 potest.

478 2293 584 2355 Illa
613 2302 807 2356 autem
835 2294 1016 2355 altera
1046 2293 1194 2354 ratio
1225 2301 1284 2354 et
1314 2291 1533 2369 oratio,
1580 2308 1730 2371 quae
1761 2291 1937 2354 simul
1967 2301 2027 2353 et
2056 2292 2403 2372 opinionem
2431 2292 2642 2354 falsam

481 2379 633 2442 tollit
663 2389 722 2441 et
757 2378 1188 2458 aegritudinem
1231 2377 1515 2454 detrahit,
1560 2384 1650 2439 est
1685 2396 1751 2439 ea
1798 2376 2035 2456 quidem
2079 2377 2315 2454 utilior,
2356 2377 2463 2439 sed
2503 2396 2642 2438 raro

540 2500 585 2551 1.
611 2498 1011 2617 adluniversam
1030 2497 1508 2563 perturbationem,

480 2580 523 2617 s.
559 2581 624 2617 zu
701 2603 714 2617 .
755 2569 799 2630 1,
823 2568 875 2618 4.

550 2637 600 2686 3.
648 2634 969 2685 adhibeatur
1012 2635 1220 2698 oratio,
1268 2631 1377 2698 vgl.
1424 2632 1508 2695 29,

481 2703 575 2754 62:
614 2702 794 2752 eadem
817 2704 890 2752 sit
925 2703 1170 2753 omnibu-5
1205 2700 1509 2752 adhibenda

484 2772 678 2822 oratio.

548 2842 736 2888 utrum
777 2835 1000 2887 illudne.
1069 2834 1140 2888 So
1184 2834 1313 2886 wird
1349 2834 1508 2887 osters

483 2904 615 2956 nach
638 2909 823 2954 ulrum
849 2902 983 2955 noch
1005 2919 1074 2953 ne
1092 2917 1158 2954 an
1184 2902 1276 2955 das
1300 2902 1512 2955 betonte

486 2971 633 3023 Wort
678 2971 996 3036 angebangt,
1043 2986 1087 3022 z.
1126 2969 1184 3022 B.
1220 2986 1270 3038 p.
1309 2969 1512 3031 Quinct.

486 3042 568 3101 30,
596 3041 687 3092 92:
724 3039 808 3090 Ea
835 3054 921 3088 res
956 3040 1015 3089 in
1051 3039 1362 3090 discrimine
1395 3055 1513 3090 ver-

482 3112 665 3171 satur,
717 3111 901 3158 utrum
936 3108 1176 3172 possitne
1216 3124 1271 3158 se
1319 3112 1510 3159 eontra

487 3144 844 3227 luxuriam—
869 3174 1169 3257 defendere.

499 3248 601 3300 ’7.
637 3243 911 3297 Nimirum
943 3235 1286 3311 ‘Unstreitigss
1327 3258 1511 3295 conce·

486 3313 732 3379 dendum,
768 3328 808 3369 s.
845 3328 910 3364 zu
946 3314 1031 3378 29,
1056 3314 1136 3365 63.

556 3385 639 3435 10.
674 3383 809 3446 beri,
845 3381 893 3433 d.
918 3381 972 3433 h.
1007 3381 1078 3432 im
1114 3382 1162 3432 3.
1199 3378 1388 3432 Buche.

559 3452 636 3504 12.
654 3450 925 3515 abluatur,
952 3448 1095 3513 Conj.
1121 3462 1368 3510 concess.,
1394 3446 1511 3499 dem

488 3518 710 3570 nachher
739 3516 939 3570 Verum
976 3521 1154 3568 tamen
1189 3522 1285 3568 cet
1322 3530 1513 3582 gegen-

489 3585 767 3637 tibersteht.
851 3584 1108 3650 Abluere,
1165 3582 1393 3649 weniger
1437 3582 1513 3636 als

492 3652 698 3717 tollere,
753 3653 1055 3705 bezeichnet
1097 3666 1191 3703 nur
1236 3651 1319 3703 die
1368 3652 1513 3704 ober-

488 3719 759 3772 ssachliche
797 3719 1130 3786 Beseitigung
1164 3719 1305 3772 einer
1330 3718 1514 3772 Sache,

554 3789 648 3841 213.
689 3787 788 3838 illa
835 3789 1074 3853 quidem,
1120 3802 1162 3840 s.
1207 3803 1269 3839 zu
1305 3787 1340 3841 l.
1378 3789 1429 3854 3,
1465 3790 1515 3841 6.

491 3855 693 3908 Ebenso
730 3870 812 3907 am
838 3854 978 3907 Ende
1013 3856 1106 3909 des
1130 3855 1513 3923 Paragraphen:

1609 2499 1688 2545 est
1722 2511 1785 2545 ea
1822 2495 2036 2560 quidem
2069 2495 2281 2547 utilior.

1683 2565 1761 2615 19.
1796 2578 1907 2615 non
1942 2564 2243 2615 turbulente
2274 2585 2343 2606 ---
2375 2577 2488 2614 non
2518 2579 2644 2630 per·

1612 2631 1830 2682 mrbatt.

1689 2700 1771 2751 20.
1818 2697 1976 2762 Quod
2018 2699 2232 2764 quidem
2274 2726 2343 2738 -
2379 2698 2643 2761 accidere,

1609 2766 1767 2820 nfiml.
1786 2772 1849 2817 ut
1867 2769 2072 2818 obiecta
2088 2767 2452 2819 imbecillitate
2469 2770 2648 2818 animi

1611 2834 1782 2897 effem.
1807 2839 1861 2886 et
1886 2835 2109 2887 laudata
2126 2839 2406 2901 gravitate
2439 2839 2494 2885 et
2516 2850 2647 2886 con-

1610 2905 1815 2955 stantia
1848 2909 2184 2956 moveantur.

1683 2973 1765 3024 22.
1791 2973 1953 3023 Putat
1977 2972 2191 3038 aliquis,
2220 2986 2262 3024 s.
2287 2969 2414 3022 z.11.
2439 2972 2522 3035 24,
2550 2973 2646 3024 58:

1610 3043 1700 3091 ira
1725 3040 2042 3092 exardescit.
2095 3010 2252 3104 filu-ig
2255 3054 2346 3092 ens
2371 3038 2510 3091 steht
2536 3038 2651 3091 die-

1612 3122 1696 3160 ser
1722 3106 1842 3159 Satz
1880 3108 1960 3160 bis
1980 3113 2151 3173 potest
2174 3108 2268 3160 mit
2291 3107 2407 3158 dem
2431 3106 2648 3159 Ganzen

1611 3176 1665 3227 in
1720 3175 1838 3228 seb'r
1888 3175 2147 3228 lockerem
2198 3174 2649 3242 Zusammenhang

1610 3243 1716 3296 und
1761 3242 1955 3296 kbnnte
2001 3244 2290 3311 uberhaupt
2332 3244 2452 3295 sehr
2498 3243 2649 3295 wohl

1612 3311 1853 3364 entbehrt
1888 3311 2111 3365 werden.

1683 3383 1767 3433 24.
1803 3380 1992 3432 Illa—
2011 3380 2183 3432 altera
2218 3381 2387 3431 ratio:
2424 3378 2507 3430 die
2545 3393 2649 3430 er·

1566 3460 1571 3465 ·
1613 3453 1791 3501 stere
1823 3477 1894 3486 —
1929 3447 2040 3500 dass
2079 3463 2196 3500 man
2231 3446 2453 3499 namlich
2488 3447 2650 3512 zeigt‚

1615 3517 1728 3569 dats
1771 3515 1856 3568 die
1901 3515 2092 3582 Sache,
2145 3530 2238 3569 aus
2285 3514 2374 3567 der
2418 3514 2502 3566 die
2548 3513 2650 3567 Be-

1616 3583 1930 3636 kummernis
1965 3560 2189 3648 kommt,
2227 3583 2347 3636 kein
2381 3581 2515 3634 Ubel
2551 3585 2648 3635 sei.

1620 3652 1733 3720 Vgl.
1758 3651 1835 3705 111.
1862 3654 1946 3718 32,
1970 3656 2053 3706 77.
2078 3655 2162 3708 78.
2186 3681 2252 3691 —-
2278 3651 2475 3717 Wegen
2499 3655 2648 3703 ratio

1616 3727 1669 3772 et
1701 3723 1877 3772 oratio
1913 3735 1957 3773 s.
1992 3736 2058 3773 zu
2090 3720 2174 3773 lv,
2212 3723 2292 3782 17,
2329 3721 2414 3772 38.

1688 3789 1768 3840 25.
1792 3788 2000 3853 utilior,
2026 3790 2058 3842 d
2083 3791 2132 3843 h.
2156 3789 2252 3840 iibt
2275 3788 2388 3840 eine
2413 3789 2650 3854 grfit'sere

1617 3854 1870 3924 Wirkung
1916 3857 2009 3909 auf
2051 3856 2342 3923 dieJenigen
2394 3871 2515 3922 aue,
2561 3858 2650 3910 bei

2683 1107 2737 1160 1⁰

2682 1534 2735 1586 15

2687 2386 2741 2437 25
