2834 4317
782 165 972 217 uena
1007 164 1068 218 v,
1105 168 1327 232 35,102.
1365 167 1723 232 36,103.1o4.

2205 165 2324 226 155

174 335 589 400 inscriberes?
610 318 795 399 'Haec
823 337 1044 400 habere
1073 358 1138 399 se
1168 346 1471 399 mortuum
1503 338 1674 415 dicit,
1712 359 1862 419 quae
1895 359 1972 401 ne
2000 340 2164 402 vivus
2195 340 2329 419 qui·
2357 303 2362 308 ι

174 424 313 484 dem
345 423 568 485 diutius
596 422 864 499 habebat,
897 442 1071 504 quam
1101 414 1442 485 fruebatur?

354 508 474 569 Cur
516 508 697 588 igitur
735 508 966 570 divitiae
1010 509 1450 582 desiderentur,
1496 516 1598 569 aut
1638 508 1741 570 ubi
1783 517 2100 589 paupertas
2127 508 2332 571 beatos
2362 517 2448 571 102

176 612 311 655 esse
342 613 463 654 non
496 591 684 655 sinit?
729 593 953 674 Signis,
981 595 1177 668 credo,
1204 601 1269 654 ‘et
1295 592 1513 655 tabulis
1543 595 1761 655 studeS.
1830 595 1893 657 Si
1922 595 2054 675 quis
2084 602 2189 670 est,
2224 594 2327 673 qui

92 690 124 739 5
171 679 271 740 his
301 678 646 752 delectetur,
684 698 889 740 nonne
919 679 1129 741 melius
1157 688 1369 741 tenues
1397 679 1674 740 homines
1703 680 1986 741 fruuntur
2017 697 2192 759 quam
2224 679 2325 752 illi,

177 764 284 843 qui
327 764 398 825 iis
450 761 800 825 abundant?
853 772 943 826 est
971 764 1131 826 enim
1185 782 1384 825 earum
1436 781 1639 825 rerum
1691 766 1956 826 omnium
2008 765 2069 826 in
2127 775 2325 826 nostra

174 849 328 910 urbe
370 867 598 910 summa
639 849 700 910 in
751 848 991 929 publico
1022 850 1209 929 copia.
1284 849 1450 921 Quae
1486 848 1589 928 qui
1619 850 1886 929 privatim
1917 847 2169 923 babent,
2215 868 2326 910 nec

171 944 295 995 tam
327 934 509 995 multa
533 943 592 996 et
620 951 756 996 raro
787 934 1002 1010 vident,
1033 954 1167 996 cum
1198 934 1260 995 in
1291 954 1398 996 sua
1428 952 1567 996 rura
1597 943 1917 1009 venerunt3
1950 953 2099 1013 quos
2132 943 2327 995 tamen

173 1020 397 1102 pungit
419 1020 654 1100 aliquid,
688 1038 823 1082 cum
848 1020 944 1081 illa
967 1019 1129 1080 unde
1158 1019 1414 1081 habeant
1442 1019 1854 1081 recordantur.
1916 1019 2053 1081 Dies
2075 1018 2326 1094 deficiat,

65 1112 126 1165 10
172 1105 225 1166 si
266 1105 438 1165 velim
481 1106 843 1185 paupertatis
885 1123 1120 1167 causam
1161 1105 1513 1181 defendere3
1559 1113 1759 1183 aperta
1790 1105 1947 1166 enim
1981 1123 2076 1166 res
2112 1113 2220 1179 est,
2268 1113 2327 1165 et

175 1189 394 1251 cotidie
418 1209 530 1252 nos
552 1190 677 1270 ipsa
700 1199 910 1251 natura
941 1190 1221 1252 admonet
1250 1208 1431 1270 quam
1460 1189 1683 1270 pauciS,
1714 1208 1892 1269 quam
1922 1190 2117 1269 parvis
2146 1189 2326 1251 rebus

176 1283 365 1353 egeat,
400 1293 575 1354 quam
604 1275 833 1337 vilibus,

352 1361 506 1421 Num
551 1360 731 1440 igitur
779 1359 1117 1439 ignobilitas
1160 1367 1261 1420 aut
1301 1359 1599 1421 humilitas
1641 1367 1743 1419 aut
1792 1359 1966 1420 etiam
2018 1358 2323 1438 popularis
2367 1339 2445 1395 3⁶

175 1444 428 1506 offensio
471 1446 799 1525 sapientem
826 1446 1066 1507 beatum
1090 1444 1241 1507 >esse
1271 1441 1656 1524 prohibebit?
1697 1444 1860 1518 Vide,
1894 1463 1971 1505 ne
2001 1444 2135 1524 plus
2160 1462 2325 1504 com-

64 1539 125 1592 15
168 1530 470 1591 mendatio
494 1531 555 1591 in
580 1531 788 1610 volgus
810 1539 872 1592 et
889 1531 1054 1604 haec,
1078 1549 1228 1609 quae
1251 1530 1567 1609 expetitur,
1581 1529 1767 1610 gloria
1784 1529 2085 1591 molestiae
2114 1527 2327 1589 babeat

176 1633 356 1694 quam
382 1616 713 1695 voluptatis.
758 1615 1069 1677 Leviculus
1091 1634 1234 1676 sane
1261 1624 1465 1677 noster
1488 1614 1934 1690 DemostheneS‚
1969 1615 2071 1694 qui
2093 1614 2193 1675 illo
2222 1632 2325 1675 su-

172 1718 349 1761 surro
381 1700 656 1762 delectari
687 1719 749 1763 se
780 1700 1010 1763 dicebat
1039 1719 1249 1780 aquam
1280 1699 1528 1761 ferentis
1556 1699 1969 1774 mulierculae,
2009 1707 2077 1760 ut
2103 1718 2234 1760 mos
2262 1698 2326 1758 in

174 1784 424 1846 Graecia
439 1793 543 1859 est,
560 1786 1106 1865 insusurrantisque
1120 1785 1287 1847 alteri
1304 1778 1466 1847 z‘Hic
1481 1794 1562 1846 est
1576 1784 1671 1847 ille
1685 1784 2080 1846 Demosthenes
2098 1778 2121 1845 Ι
2129 1775 2148 1800 ³
2172 1782 2323 1856 Quid

171 1871 292 1931 hoc
322 1868 550 1932 levius?
578 1871 652 1932 At
683 1880 944 1951 quantus
975 1872 1201 1932 oratori
1239 1871 1351 1932 Sed
1384 1872 1540 1950 apud
1572 1870 1715 2016 aq'os
1743 1870 1908 2015 lpqui
1938 1869 2209 1931 videlicet
2236 1869 2326 1929 di-

65 1964 126 2015 20
170 1954 426 2030 dicerat‚
471 1974 594 2017 non
624 1957 876 2018 multum
908 1956 1036 2037 ipse
1076 1975 1298 2018 secum.
1372 1956 1443 2016 In
1473 1975 1505 2017 e
1551 1973 1624 2034 eg
1661 2025 1692 2044 'b

171 2071 356 2125 Krates
392 2071 523 2123 nach
548 2070 789 2125 Plutarch
825 2073 890 2124 de
923 2075 1013 2124 sm·
1044 2073 1203 2124 laude

172 2139 300 2192 vm.
336 2156 385 2207 p.
420 2143 517 2192 157
555 2140 722 2193 dieser
757 2140 1075 2194 Grabschrist
1110 2141 1202 2192 des

177 2207 490 2294 Sardanapal
528 2213 986 2290 entgegengesetzt
1022 2208 1135 2261 hat:

257 2276 398 2327 Ταῦτ
473 2277 609 2343 ἔχω,
662 2273 787 2330 οσσ’
838 2275 1061 2344 ἔμαθον
1113 2280 1205 2327 καὶ

317 2343 635 2414 ἐφρόντισα,
669 2349 763 2396 καὶ
795 2343 933 2411 μετὰ
962 2346 1204 2397 Μουσῶν

250 2405 424 2479 Σέμν’
464 2409 648 2478 ἐδάην.

252 2484 298 2533 1.
335 2483 669 2561 integ-iberes,
707 2482 805 2533 wie
830 2481 1085 2544 crederes,
1123 2480 1203 2531 dt·-

179 2564 326 2600 eeres
360 2563 410 2600 u.
448 2564 493 2600 a.
632 2566 667 2607 ο

251 2618 299 2669 3.
333 2619 430 2667 ubi
464 2639 532 2660 =
570 2633 677 2683 qua
711 2619 771 2668 in
803 2634 881 2683 re,
918 2618 1022 2669 wie
1044 2620 1205 2678 unten

181 2688 266 2749 41,
307 2686 420 2737 121.

251 2754 299 2804 4.
337 2753 534 2803 tabulis
556 2776 624 2796 =
648 2754 846 2805 tabulis
875 2756 1059 2819 pictis.

255 2825 302 2874 7.
339 2823 399 2870 in
426 2821 671 2886 publico,
715 2836 758 2876 s,
792 2837 857 2872 zu
894 2824 976 2887 24,
1013 2824 1106 2874 69:
1147 2824 1208 2872 in

182 2889 436 2941 rotundo·

255 2959 300 3010 8.
337 2961 619 3024 venerunt,
654 2972 696 3010 S.
732 2973 795 3009 zu
821 2957 856 3009 1.
887 2960 966 3025 11,
990 2959 1081 3011 24:
1110 2973 1211 3023 po-

180 3041 285 3077 sut.

253 3095 302 3146 9.
331 3096 538 3159 pungit
569 3094 793 3159 aliquid.
860 3092 952 3144 Die
989 3093 1206 3145 meisten

183 3160 556 3213 Kunstschfitze
583 3161 671 3214 der
688 3162 1000 3214 vornehmen
1020 3160 1208 3213 Romer

185 3243 358 3281 waren
373 3229 731 3296 urspri‘inglich
747 3245 841 3282 aus
855 3229 1209 3296 griechischen

183 3294 403 3349 Stfidten
453 3298 558 3349 und
605 3298 853 3364 Tempeln
901 3297 1207 3364 gewaltsam

182 3365 569 3485 pgerlgeimlich
591 3367 836 3419 entit'ihrt.
862 3364 977 3432 Vgl.
998 3366 1051 3418 in
1061 3364 1205 3418 Verr.

204 3449 218 3484 1
259 3471 273 3485 .
368 3473 379 3486 .

252 3502 382 3552 Dies
405 3501 624 3563 deficiat
656 3507 755 3555 cet.
803 3501 872 3555 So
902 3501 965 3554 de
990 3500 1127 3553 deor.
1153 3516 1205 3553 n.

183 3568 261 3622 Ill.
297 3571 381 3630 32,
409 3572 499 3622 81:
535 3571 663 3621 Dies
700 3572 932 3636 deficiat,
967 3573 1018 3621 ei
1049 3570 1207 3620 velim

183 3653 471 3689 numerare
511 3641 702 3703 quibus
739 3642 890 3691 bonis
923 3638 1064 3690 male
1098 3654 1210 3688 eve·

184 3708 345 3824 aierit,
373 3709 567 3771 quibus
593 3709 851 3773 improbis
869 3709 1078 3774 optime,
1101 3704 1209 3758 und

187 3776 218 3825 ὃ
244 3780 337 3827 ter.

258 3844 337 3895 13.
382 3843 672 3908 popularis
715 3844 937 3907 offensio
980 3868 1050 3889 =
1087 3845 1208 3896 106:

1305 2073 1509 2136 offensa
1526 2072 1720 2138 populi
1741 2072 1990 2122 voluntas
2006 2064 2327 2128 ‘Unbeliebt·

1304 2139 1413 2192 heit
1458 2140 1597 2191 heim
1634 2129 1842 2204 Volke'‚
1891 2138 2180 2205 Gegensatz
2222 2158 2329 2196 von

1299 2211 1489 2273 gratia
1525 2208 1704 2272 (aura)
1731 2207 2035 2292 popularis,
2071 2223 2331 2263 commen·

1306 2276 1459 2327 datio
1494 2278 1553 2325 in
1587 2276 1779 2340 volgus
1829 2266 2190 2340 Popularitfit'.

1377 2346 1460 2395 14.
1499 2343 1647 2408 Vide,
1689 2358 1757 2393 m
1791 2372 1874 2407 -‚
1910 2358 1953 2394 s·
1991 2359 2056 2394 zu
2078 2343 2114 2395 1.
2141 2345 2225 2412 34,
2245 2349 2329 2402 83.

1379 2414 1461 2463 15.
1486 2413 1617 2463 haec
1641 2440 1706 2448 —
1726 2411 1912 2476 gloria
1936 2411 2087 2463 weist
2110 2415 2201 2465 auf
2221 2415 2328 2480 dac,

1308 2494 1418 2531 was
1454 2478 1646 2545 taglich
1694 2483 1843 2532 unter
1887 2478 1986 2531 den
2023 2478 2202 2545 Augen
2240 2483 2332 2535 der

1308 2547 1494 2600 beiden
1533 2547 1896 2613 Sprecbenden
1930 2548 2163 2613 vorgebt,
2199 2550 2304 2603 hin.

1379 2618 1461 2668 16.
1513 2615 1799 2681 Longo-ulus
1842 2610 2029 2667 ‘etwas
2073 2610 2221 2669 eitel’
2262 2620 2332 2671 ist

1310 2677 1410 2736 ἅπ.
1436 2679 1545 2754 lay.
1615 2683 1751 2736 Uber
1783 2699 1914 2735 sane
1947 2699 1988 2735 s,
2021 2683 2107 2737 IV.
2140 2688 2223 2750 21,
2246 2689 2331 2740 48.

1377 2753 1768 2803 Demosthenes·
1827 2751 1973 2805 Auch
2008 2751 2119 2805 Aet.
2153 2754 2236 2807 IX.
2267 2759 2327 2809 17

1311 2820 1508 2872 erzablt
1543 2819 1721 2872 diesen
1743 2819 1854 2886 Zug
1886 2835 1989 2872 von
2013 2819 2073 2874 D.
2106 2822 2214 2874 und
2237 2822 2335 2874 fin-

1311 2887 1400 2940 det
1435 2905 1531 2939 κου
1574 2883 1700 2952 ὀτης
1735 2888 1895 2940 datin.
1961 2888 2163 2943 Anders
2197 2890 2332 2948 Ptin.

1312 2956 1463 3022 epist.
1509 2955 1529 3007 1
1578 2994 1592 3008 .
1638 2960 1729 3010 23:
1782 2957 2163 3010 Demosthenes
2213 2963 2334 3011 iure

1313 3026 1543 3076 laetatus
1562 3029 1654 3090 est,
1675 3025 1818 3090 quod
1835 3025 1989 3106 {Illum
2002 3042 2140 3077 anus
2151 3029 2335 3081 Attica

1310 3095 1390 3142 ita
1434 3096 1745 3144 noscitavit:
1796 3092 1962 3146 Ουτός
2006 3094 2126 3147 ἐστι
2159 3098 2335 3163 Δημο-

1309 3160 1533 3226 σθένης.
1568 3189 1633 3198 -
1680 3162 1782 3212 Cic.
1818 3166 1978 3214 neunt
2021 3163 2109 3214 ibn
2153 3168 2335 3215 noster

1311 3228 1388 3280 als
1424 3229 1600 3280 seinen
1636 3228 2092 3295 Berufsgenossen.

1383 3300 1463 3350 17.
1498 3298 1868 3361 mulierculae,
1906 3299 2335 3366 geringschiitzig,

1309 3366 1412 3416 wie
1449 3366 1530 3424 32,
1570 3368 1665 3419 91:
1703 3365 1910 3417 cenula.

1382 3435 1461 3486 19.
1488 3425 1992 3485 videlicet‘freilich’
2017 3432 2069 3485 in
2105 3437 2335 3499 spotten-

1308 3500 1425 3553 dem
1463 3499 1623 3555 Tone.

1381 3572 1464 3623 20.
1485 3585 1596 3621 non
1619 3569 1847 3620 multum
1868 3572 1985 3635 ipse
2009 3584 2203 3621 seeum.
2238 3569 2336 3622 Ein

1308 3636 1660 3690 nnbedacbtes
1683 3636 1833 3688 Wort
1858 3652 1963 3689 von
1987 3636 2180 3690 Cicero.
2218 3637 2335 3690 Wie

1310 3705 1447 3758 hoch
1482 3720 1537 3757 er
1572 3705 1814 3770 fibrigens
1846 3705 1945 3757 den
1968 3703 2110 3757 Dem.
2146 3706 2336 3771 stellte,

1312 3775 1449 3826 sieht
1472 3788 1587 3825 man
1614 3788 1706 3825 aus
1732 3772 1868 3829 Orat.
1895 3778 1940 3837 7,
1966 3775 2057 3826 23:
2097 3773 2205 3825 Sed
2237 3789 2335 3840 ego

1312 3870 1380 3879 —
1403 3842 1663 3893 recordor
1699 3842 1856 3906 longe
1891 3842 2133 3894 omnibus
2167 3858 2337 3894 unum

1786 1974 1847 2016 m
1878 1963 1968 2017 est
2008 1955 2188 2035 igitur
2219 1972 2332 2015 nec
2361 1964 2448 2017 104
