<?xml version="1.0" encoding="UTF-8"?>
<!DOCTYPE html PUBLIC "-//W3C//DTD XHTML 1.0 Transitional//EN"
    "http://www.w3.org/TR/xhtml1/DTD/xhtml1-transitional.dtd">
<html xmlns="http://www.w3.org/1999/xhtml" xml:lang="en" lang="en">
 <head>
  <title>
</title>
<meta http-equiv="Content-Type" content="text/html;charset=utf-8" />
  <meta name='ocr-system' content='tesseract 3.04.00' />
  <meta name='ocr-capabilities' content='ocr_page ocr_carea ocr_par ocr_line ocrx_word'/>
</head>
<body>
  <div class='ocr_page' id='page_1' title='image "./mtulliiciceroni02sorogoog_0043.png"; bbox 0 0 2834 4317; ppageno 0'>
   <div class='ocr_carea' id='block_1_1' title="bbox 138 1127 193 1177">
    <p class='ocr_par' dir='ltr' id='par_1_1' title="bbox 138 1127 193 1177">
     <span class='ocr_line' id='line_1_1' title="bbox 138 1127 193 1177; baseline 0.018 -1"><span class='ocrx_word' id='word_1_1' title='bbox 138 1127 193 1177; x_wconf 86' lang='lat'><strong>10</strong></span> 
     </span>
    </p>
   </div>
   <div class='ocr_carea' id='block_1_2' title="bbox 1010 172 1598 241">
    <p class='ocr_par' dir='ltr' id='par_1_2' title="bbox 1010 172 1598 241">
     <span class='ocr_line' id='line_1_2' title="bbox 1010 172 1598 241; baseline 0.002 -14"><span class='ocrx_word' id='word_1_2' title='bbox 1010 172 1200 227; x_wconf 79' lang='lat' dir='ltr'><strong>ussER</strong></span> <span class='ocrx_word' id='word_1_3' title='bbox 1233 174 1271 228; x_wconf 94' lang='lat'><strong>1.</strong></span> <span class='ocrx_word' id='word_1_4' title='bbox 1309 178 1358 241; x_wconf 82' lang='lat'><strong>9,</strong></span> <span class='ocrx_word' id='word_1_5' title='bbox 1396 178 1477 228; x_wconf 84' lang='lat'><strong>18.</strong></span> <span class='ocrx_word' id='word_1_6' title='bbox 1518 178 1598 228; x_wconf 85' lang='lat'><strong>19.</strong></span> 
     </span>
    </p>
   </div>
   <div class='ocr_carea' id='block_1_3' title="bbox 2310 176 2389 234">
    <p class='ocr_par' dir='ltr' id='par_1_3' title="bbox 2310 176 2389 234">
     <span class='ocr_line' id='line_1_3' title="bbox 2310 176 2389 234; baseline -0.025 0"><span class='ocrx_word' id='word_1_7' title='bbox 2310 176 2389 234; x_wconf 78' lang='lat'><strong>37</strong></span> 
     </span>
    </p>
   </div>
   <div class='ocr_carea' id='block_1_4' title="bbox 228 347 2395 429">
    <p class='ocr_par' dir='ltr' id='par_1_4' title="bbox 228 347 2395 429">
     <span class='ocr_line' id='line_1_4' title="bbox 228 347 2395 429; baseline 0.001 -19"><span class='ocrx_word' id='word_1_8' title='bbox 228 367 362 410; x_wconf 89' lang='lat' dir='ltr'><strong>esse</strong></span> <span class='ocrx_word' id='word_1_9' title='bbox 413 348 793 427; x_wconf 84' lang='lat' dir='ltr'><strong>profitentur.</strong></span> <span class='ocrx_word' id='word_1_10' title='bbox 874 347 940 408; x_wconf 79' lang='lat' dir='ltr'><strong>A.</strong></span> <span class='ocrx_word' id='word_1_11' title='bbox 974 348 1084 422; x_wconf 86' lang='lat' dir='ltr'><strong>Tu,</strong></span> <span class='ocrx_word' id='word_1_12' title='bbox 1136 356 1204 408; x_wconf 84' lang='lat' dir='ltr'><strong>ut</strong></span> <span class='ocrx_word' id='word_1_13' title='bbox 1238 347 1499 409; x_wconf 86' lang='lat' dir='ltr'><strong>videtur:</strong></span> <span class='ocrx_word' id='word_1_14' title='bbox 1556 366 1667 410; x_wconf 89' lang='lat' dir='ltr'><strong>nos</strong></span> <span class='ocrx_word' id='word_1_15' title='bbox 1707 347 1780 408; x_wconf 88' lang='lat' dir='ltr'><strong>ad</strong></span> <span class='ocrx_word' id='word_1_16' title='bbox 1817 349 2175 410; x_wconf 90' lang='lat' dir='ltr'><strong>audiendum</strong></span> <span class='ocrx_word' id='word_1_17' title='bbox 2205 351 2395 429; x_wconf 84' lang='lat' dir='ltr'><strong>parati</strong></span> 
     </span>
    </p>
   </div>
   <div class='ocr_carea' id='block_1_5' title="bbox 228 449 456 494">
    <p class='ocr_par' dir='ltr' id='par_1_5' title="bbox 228 449 456 494">
     <span class='ocr_line' id='line_1_5' title="bbox 228 449 456 494; baseline -0.004 0"><span class='ocrx_word' id='word_1_18' title='bbox 228 449 456 494; x_wconf 76' lang='lat' dir='ltr'><strong>sumus.</strong></span> 
     </span>
    </p>
   </div>
   <div class='ocr_carea' id='block_1_6' title="bbox 403 512 2495 599">
    <p class='ocr_par' dir='ltr' id='par_1_6' title="bbox 403 512 2495 599">
     <span class='ocr_line' id='line_1_6' title="bbox 403 512 2495 599; baseline 0 -21"><span class='ocrx_word' id='word_1_19' title='bbox 403 517 488 579; x_wconf 88' lang='grc' dir='ltr'><strong>Μ.</strong></span> <span class='ocrx_word' id='word_1_20' title='bbox 523 518 682 579; x_wconf 84' lang='lat' dir='ltr'><strong>Mors</strong></span> <span class='ocrx_word' id='word_1_21' title='bbox 728 518 908 597; x_wconf 86' lang='lat' dir='ltr'><strong>igitur</strong></span> <span class='ocrx_word' id='word_1_22' title='bbox 937 519 1083 598; x_wconf 91' lang='lat' dir='ltr'><strong>ipsa,</strong></span> <span class='ocrx_word' id='word_1_23' title='bbox 1129 535 1280 596; x_wconf 88' lang='lat' dir='ltr'><strong>quae</strong></span> <span class='ocrx_word' id='word_1_24' title='bbox 1309 517 1541 578; x_wconf 85' lang='lat' dir='ltr'><strong>videtur</strong></span> <span class='ocrx_word' id='word_1_25' title='bbox 1590 517 1895 579; x_wconf 87' lang='lat' dir='ltr'><strong>notissima</strong></span> <span class='ocrx_word' id='word_1_26' title='bbox 1927 535 2023 579; x_wconf 86' lang='lat' dir='ltr'><strong>res</strong></span> <span class='ocrx_word' id='word_1_27' title='bbox 2055 538 2204 593; x_wconf 87' lang='lat' dir='ltr'><strong>esse,</strong></span> <span class='ocrx_word' id='word_1_28' title='bbox 2250 512 2391 599; x_wconf 82' lang='lat' dir='ltr'><strong>quid</strong></span> <span class='ocrx_word' id='word_1_29' title='bbox 2438 527 2495 579; x_wconf 83' lang='lat'><strong>18</strong></span> 
     </span>
    </p>
   </div>
   <div class='ocr_carea' id='block_1_7' title="bbox 159 602 2395 1366">
    <p class='ocr_par' dir='ltr' id='par_1_7' title="bbox 159 602 2395 1366">
     <span class='ocr_line' id='line_1_7' title="bbox 228 602 2393 684; baseline 0.001 -19"><span class='ocrx_word' id='word_1_30' title='bbox 228 603 305 666; x_wconf 88' lang='lat' dir='ltr'><strong>sit</strong></span> <span class='ocrx_word' id='word_1_31' title='bbox 350 603 612 684; x_wconf 87' lang='lat' dir='ltr'><strong>primum</strong></span> <span class='ocrx_word' id='word_1_32' title='bbox 657 611 748 665; x_wconf 82' lang='lat' dir='ltr'><strong>est</strong></span> <span class='ocrx_word' id='word_1_33' title='bbox 791 603 1128 665; x_wconf 88' lang='lat' dir='ltr'><strong>videndum.</strong></span> <span class='ocrx_word' id='word_1_34' title='bbox 1202 602 1357 664; x_wconf 87' lang='lat' dir='ltr'><strong>Sunt</strong></span> <span class='ocrx_word' id='word_1_35' title='bbox 1407 603 1569 663; x_wconf 91' lang='lat' dir='ltr'><strong>enim</strong></span> <span class='ocrx_word' id='word_1_36' title='bbox 1616 603 1717 682; x_wconf 90' lang='lat' dir='ltr'><strong>qui</strong></span> <span class='ocrx_word' id='word_1_37' title='bbox 1766 604 2091 664; x_wconf 82' lang='lat' dir='ltr'><strong>discessum</strong></span> <span class='ocrx_word' id='word_1_38' title='bbox 2134 604 2316 666; x_wconf 86' lang='lat' dir='ltr'><strong>animi</strong></span> <span class='ocrx_word' id='word_1_39' title='bbox 2362 625 2393 667; x_wconf 88' lang='lat' dir='ltr'><strong>a</strong></span> 
     </span>
     <span class='ocr_line' id='line_1_8' title="bbox 159 688 2394 769; baseline 0.001 -20"><span class='ocrx_word' id='word_1_40' title='bbox 159 702 185 749; x_wconf 81' lang='lat'>5</span> <span class='ocrx_word' id='word_1_41' title='bbox 227 707 486 769; x_wconf 86' lang='lat' dir='ltr'><strong>corpore</strong></span> <span class='ocrx_word' id='word_1_42' title='bbox 530 696 746 769; x_wconf 87' lang='lat' dir='ltr'><strong>putent</strong></span> <span class='ocrx_word' id='word_1_43' title='bbox 791 707 920 751; x_wconf 90' lang='lat' dir='ltr'><strong>esse</strong></span> <span class='ocrx_word' id='word_1_44' title='bbox 964 696 1250 763; x_wconf 77' lang='lat' dir='ltr'><strong>mortem;</strong></span> <span class='ocrx_word' id='word_1_45' title='bbox 1306 697 1450 749; x_wconf 89' lang='lat' dir='ltr'><strong>sunt</strong></span> <span class='ocrx_word' id='word_1_46' title='bbox 1488 688 1591 766; x_wconf 89' lang='lat' dir='ltr'><strong>qui</strong></span> <span class='ocrx_word' id='word_1_47' title='bbox 1654 688 1885 749; x_wconf 90' lang='lat' dir='ltr'><strong>nullum</strong></span> <span class='ocrx_word' id='word_1_48' title='bbox 1939 698 2224 750; x_wconf 81' lang='lat' dir='ltr'><strong>censeant</strong></span> <span class='ocrx_word' id='word_1_49' title='bbox 2264 691 2394 752; x_wconf 88' lang='lat' dir='ltr'><strong>fieri</strong></span> 
     </span>
     <span class='ocr_line' id='line_1_9' title="bbox 231 774 2392 854; baseline 0.001 -20"><span class='ocrx_word' id='word_1_50' title='bbox 231 774 579 849; x_wconf 82' lang='lat' dir='ltr'><strong>discessum,</strong></span> <span class='ocrx_word' id='word_1_51' title='bbox 625 774 729 835; x_wconf 91' lang='lat' dir='ltr'><strong>sed</strong></span> <span class='ocrx_word' id='word_1_52' title='bbox 778 792 894 835; x_wconf 88' lang='lat' dir='ltr'><strong>una</strong></span> <span class='ocrx_word' id='word_1_53' title='bbox 937 775 1201 835; x_wconf 86' lang='lat' dir='ltr'><strong>animum</strong></span> <span class='ocrx_word' id='word_1_54' title='bbox 1244 780 1304 833; x_wconf 89' lang='lat' dir='ltr'><strong>et</strong></span> <span class='ocrx_word' id='word_1_55' title='bbox 1334 790 1555 852; x_wconf 87' lang='lat' dir='ltr'><strong>corpus</strong></span> <span class='ocrx_word' id='word_1_56' title='bbox 1600 775 1873 835; x_wconf 86' lang='lat' dir='ltr'><strong>occidere</strong></span> <span class='ocrx_word' id='word_1_57' title='bbox 1903 775 2287 854; x_wconf 88' lang='lat' dir='ltr'><strong>animumque</strong></span> <span class='ocrx_word' id='word_1_58' title='bbox 2331 777 2392 837; x_wconf 92' lang='lat' dir='ltr'><strong>in</strong></span> 
     </span>
     <span class='ocr_line' id='line_1_10' title="bbox 231 859 2393 939; baseline 0 -18"><span class='ocrx_word' id='word_1_59' title='bbox 231 877 488 939; x_wconf 84' lang='lat' dir='ltr'><strong>corpore</strong></span> <span class='ocrx_word' id='word_1_60' title='bbox 508 860 828 937; x_wconf 82' lang='lat' dir='ltr'><strong>exstingui.</strong></span> <span class='ocrx_word' id='word_1_61' title='bbox 875 859 991 931; x_wconf 88' lang='lat' dir='ltr'><strong>Qui</strong></span> <span class='ocrx_word' id='word_1_62' title='bbox 1015 859 1316 920; x_wconf 86' lang='lat' dir='ltr'><strong>discedere</strong></span> <span class='ocrx_word' id='word_1_63' title='bbox 1340 859 1605 919; x_wconf 87' lang='lat' dir='ltr'><strong>animum</strong></span> <span class='ocrx_word' id='word_1_64' title='bbox 1630 868 1899 933; x_wconf 88' lang='lat' dir='ltr'><strong>censent,</strong></span> <span class='ocrx_word' id='word_1_65' title='bbox 1931 859 2027 920; x_wconf 89' lang='lat' dir='ltr'><strong>alii</strong></span> <span class='ocrx_word' id='word_1_66' title='bbox 2058 861 2250 921; x_wconf 83' lang='lat' dir='ltr'><strong>statim</strong></span> <span class='ocrx_word' id='word_1_67' title='bbox 2276 861 2393 923; x_wconf 90' lang='lat' dir='ltr'><strong>dis-</strong></span> 
     </span>
     <span class='ocr_line' id='line_1_11' title="bbox 232 944 2395 1026; baseline 0.001 -20"><span class='ocrx_word' id='word_1_68' title='bbox 232 944 432 1025; x_wconf 85' lang='lat' dir='ltr'><strong>sipari,</strong></span> <span class='ocrx_word' id='word_1_69' title='bbox 481 944 577 1005; x_wconf 89' lang='lat' dir='ltr'><strong>alii</strong></span> <span class='ocrx_word' id='word_1_70' title='bbox 609 944 709 1005; x_wconf 89' lang='lat' dir='ltr'><strong>diu</strong></span> <span class='ocrx_word' id='word_1_71' title='bbox 739 963 1113 1025; x_wconf 87' lang='lat' dir='ltr'><strong>permanere,</strong></span> <span class='ocrx_word' id='word_1_72' title='bbox 1160 944 1256 1004; x_wconf 88' lang='lat' dir='ltr'><strong>alii</strong></span> <span class='ocrx_word' id='word_1_73' title='bbox 1285 962 1542 1024; x_wconf 86' lang='lat' dir='ltr'><strong>semper.</strong></span> <span class='ocrx_word' id='word_1_74' title='bbox 1605 944 1758 1016; x_wconf 90' lang='lat' dir='ltr'><strong>Quid</strong></span> <span class='ocrx_word' id='word_1_75' title='bbox 1789 944 1865 1006; x_wconf 87' lang='lat' dir='ltr'><strong>sit</strong></span> <span class='ocrx_word' id='word_1_76' title='bbox 1896 962 2078 1024; x_wconf 87' lang='lat' dir='ltr'><strong>porro</strong></span> <span class='ocrx_word' id='word_1_77' title='bbox 2110 946 2236 1026; x_wconf 92' lang='lat' dir='ltr'><strong>ipse</strong></span> <span class='ocrx_word' id='word_1_78' title='bbox 2265 947 2395 1008; x_wconf 91' lang='lat' dir='ltr'><strong>ani-</strong></span> 
     </span>
     <span class='ocr_line' id='line_1_12' title="bbox 231 1029 2394 1111; baseline 0.001 -21"><span class='ocrx_word' id='word_1_79' title='bbox 231 1048 367 1092; x_wconf 91' lang='lat' dir='ltr'><strong>mus</strong></span> <span class='ocrx_word' id='word_1_80' title='bbox 411 1037 514 1091; x_wconf 87' lang='lat' dir='ltr'><strong>aut</strong></span> <span class='ocrx_word' id='word_1_81' title='bbox 556 1029 662 1091; x_wconf 88' lang='lat' dir='ltr'><strong>ubi</strong></span> <span class='ocrx_word' id='word_1_82' title='bbox 705 1037 809 1091; x_wconf 88' lang='lat' dir='ltr'><strong>aut</strong></span> <span class='ocrx_word' id='word_1_83' title='bbox 853 1031 1044 1105; x_wconf 90' lang='lat' dir='ltr'><strong>unde,</strong></span> <span class='ocrx_word' id='word_1_84' title='bbox 1088 1047 1302 1108; x_wconf 81' lang='lat' dir='ltr'><strong>magna</strong></span> <span class='ocrx_word' id='word_1_85' title='bbox 1348 1029 1640 1091; x_wconf 88' lang='lat' dir='ltr'><strong>dissensio</strong></span> <span class='ocrx_word' id='word_1_86' title='bbox 1686 1040 1793 1092; x_wconf 88' lang='lat' dir='ltr'><strong>est.</strong></span> <span class='ocrx_word' id='word_1_87' title='bbox 1866 1030 2010 1092; x_wconf 87' lang='lat' dir='ltr'><strong>Aliis</strong></span> <span class='ocrx_word' id='word_1_88' title='bbox 2054 1050 2158 1092; x_wconf 86' lang='lat' dir='ltr'><strong>cor</strong></span> <span class='ocrx_word' id='word_1_89' title='bbox 2198 1032 2394 1111; x_wconf 87' lang='lat' dir='ltr'><strong>ipsum</strong></span> 
     </span>
     <span class='ocr_line' id='line_1_13' title="bbox 232 1116 2393 1197; baseline 0.001 -21"><span class='ocrx_word' id='word_1_90' title='bbox 232 1116 467 1177; x_wconf 84' lang='lat' dir='ltr'><strong>animus</strong></span> <span class='ocrx_word' id='word_1_91' title='bbox 494 1116 743 1188; x_wconf 79' lang='lat' dir='ltr'><strong>videtur,</strong></span> <span class='ocrx_word' id='word_1_92' title='bbox 789 1134 862 1176; x_wconf 85' lang='lat' dir='ltr'><strong>ex</strong></span> <span class='ocrx_word' id='word_1_93' title='bbox 892 1133 1012 1194; x_wconf 89' lang='lat' dir='ltr'><strong>quo</strong></span> <span class='ocrx_word' id='word_1_94' title='bbox 1057 1117 1344 1188; x_wconf 74' lang='lat' dir='ltr'><strong>eoecordes,</strong></span> <span class='ocrx_word' id='word_1_95' title='bbox 1396 1116 1695 1176; x_wconf 79' lang='lat' dir='ltr'><strong>vaecordes</strong></span> <span class='ocrx_word' id='word_1_96' title='bbox 1737 1118 2141 1197; x_wconf 76' lang='lat' dir='ltr'><strong>concordesque</strong></span> <span class='ocrx_word' id='word_1_97' title='bbox 2184 1117 2393 1178; x_wconf 90' lang='lat' dir='ltr'><strong>dicun·</strong></span> 
     </span>
     <span class='ocr_line' id='line_1_14' title="bbox 235 1199 1899 1280; baseline -0.001 -19"><span class='ocrx_word' id='word_1_98' title='bbox 235 1210 335 1262; x_wconf 89' lang='lat' dir='ltr'><strong>tur</strong></span> <span class='ocrx_word' id='word_1_99' title='bbox 366 1210 427 1262; x_wconf 88' lang='lat' dir='ltr'><strong>et</strong></span> <span class='ocrx_word' id='word_1_100' title='bbox 455 1201 663 1262; x_wconf 79' lang='lat' dir='ltr'><strong>Nasica</strong></span> <span class='ocrx_word' id='word_1_101' title='bbox 697 1201 798 1261; x_wconf 92' lang='lat' dir='ltr'><strong>ille</strong></span> <span class='ocrx_word' id='word_1_102' title='bbox 826 1201 1094 1280; x_wconf 89' lang='lat' dir='ltr'><strong>prudens</strong></span> <span class='ocrx_word' id='word_1_103' title='bbox 1125 1199 1215 1261; x_wconf 88' lang='lat' dir='ltr'><strong>bis</strong></span> <span class='ocrx_word' id='word_1_104' title='bbox 1247 1201 1459 1261; x_wconf 89' lang='lat' dir='ltr'><strong>consul</strong></span> <span class='ocrx_word' id='word_1_105' title='bbox 1500 1199 1809 1261; x_wconf 79' lang='lat' dir='ltr'><strong>Corculum</strong></span> <span class='ocrx_word' id='word_1_106' title='bbox 1837 1211 1899 1260; x_wconf 84' lang='lat' dir='ltr'><strong>et</strong></span> 
     </span>
     <span class='ocr_line' id='line_1_15' title="bbox 615 1284 2018 1366; baseline -0.001 -19"><span class='ocrx_word' id='word_1_107' title='bbox 615 1285 852 1366; x_wconf 71' lang='lat' dir='ltr'><strong>Eyreyie</strong></span> <span class='ocrx_word' id='word_1_108' title='bbox 881 1287 1150 1348; x_wconf 78' lang='lat' dir='ltr'><strong>cordatus</strong></span> <span class='ocrx_word' id='word_1_109' title='bbox 1177 1286 1344 1347; x_wconf 79' lang='lat' dir='ltr'><strong>homo</strong></span> <span class='ocrx_word' id='word_1_110' title='bbox 1373 1295 1534 1347; x_wconf 80' lang='lat' dir='ltr'><strong>catus</strong></span> <span class='ocrx_word' id='word_1_111' title='bbox 1563 1285 1758 1346; x_wconf 77' lang='lat' dir='ltr'><strong>Aelius</strong></span> <span class='ocrx_word' id='word_1_112' title='bbox 1786 1284 2018 1346; x_wconf 68' lang='lat' dir='ltr'><strong>Sed-tus.</strong></span> 
     </span>
    </p>
   </div>
   <div class='ocr_carea' id='block_1_8' title="bbox 235 1370 2501 1450">
    <p class='ocr_par' dir='ltr' id='par_1_8' title="bbox 235 1370 2501 1450">
     <span class='ocr_line' id='line_1_16' title="bbox 235 1370 2501 1450; baseline 0 -20"><span class='ocrx_word' id='word_1_113' title='bbox 235 1370 628 1450; x_wconf 89' lang='lat' dir='ltr'><strong>Empedocles</strong></span> <span class='ocrx_word' id='word_1_114' title='bbox 652 1372 914 1432; x_wconf 88' lang='lat' dir='ltr'><strong>animum</strong></span> <span class='ocrx_word' id='word_1_115' title='bbox 940 1391 1068 1433; x_wconf 91' lang='lat' dir='ltr'><strong>esse</strong></span> <span class='ocrx_word' id='word_1_116' title='bbox 1092 1380 1298 1433; x_wconf 90' lang='lat' dir='ltr'><strong>censet</strong></span> <span class='ocrx_word' id='word_1_117' title='bbox 1318 1371 1485 1432; x_wconf 87' lang='lat' dir='ltr'><strong>cordi</strong></span> <span class='ocrx_word' id='word_1_118' title='bbox 1515 1370 1806 1431; x_wconf 81' lang='lat' dir='ltr'><strong>suffusum</strong></span> <span class='ocrx_word' id='word_1_119' title='bbox 1839 1370 2210 1448; x_wconf 84' lang='lat' dir='ltr'><strong>sanguinem.</strong></span> <span class='ocrx_word' id='word_1_120' title='bbox 2257 1370 2400 1433; x_wconf 87' lang='lat' dir='ltr'><strong>Aliis</strong></span> <span class='ocrx_word' id='word_1_121' title='bbox 2444 1382 2501 1431; x_wconf 80' lang='grc'><strong>19</strong></span> 
     </span>
    </p>
   </div>
   <div class='ocr_carea' id='block_1_9' title="bbox 232 1537 1280 3924">
    <p class='ocr_par' dir='ltr' id='par_1_9' title="bbox 236 1537 1271 2355">
     <span class='ocr_line' id='line_1_17' title="bbox 237 1537 1265 1603; baseline 0 -14"><span class='ocrx_word' id='word_1_122' title='bbox 237 1537 375 1590; x_wconf 85' lang='lat' dir='ltr'><strong>allen</strong></span> <span class='ocrx_word' id='word_1_123' title='bbox 410 1538 627 1590; x_wconf 80' lang='lat' dir='ltr'><strong>Zweisel</strong></span> <span class='ocrx_word' id='word_1_124' title='bbox 673 1538 929 1591; x_wconf 81' lang='lat' dir='ltr'><strong>erhabene</strong></span> <span class='ocrx_word' id='word_1_125' title='bbox 975 1538 1265 1603; x_wconf 78' lang='lat' dir='ltr'><strong>Erkennen,</strong></span> 
     </span>
     <span class='ocr_line' id='line_1_18' title="bbox 238 1606 1268 1660; baseline 0.002 -3"><span class='ocrx_word' id='word_1_126' title='bbox 238 1606 471 1658; x_wconf 82' lang='lat' dir='ltr'><strong>welches</strong></span> <span class='ocrx_word' id='word_1_127' title='bbox 495 1607 626 1658; x_wconf 85' lang='lat' dir='ltr'><strong>nach</strong></span> <span class='ocrx_word' id='word_1_128' title='bbox 653 1606 742 1659; x_wconf 88' lang='lat' dir='ltr'><strong>der</strong></span> <span class='ocrx_word' id='word_1_129' title='bbox 758 1607 920 1659; x_wconf 89' lang='lat' dir='ltr'><strong>Lehre</strong></span> <span class='ocrx_word' id='word_1_130' title='bbox 946 1607 1037 1659; x_wconf 90' lang='lat' dir='ltr'><strong>der</strong></span> <span class='ocrx_word' id='word_1_131' title='bbox 1062 1606 1268 1660; x_wconf 82' lang='lat' dir='ltr'><strong>Stoiker</strong></span> 
     </span>
     <span class='ocr_line' id='line_1_19' title="bbox 239 1673 1268 1740; baseline 0.001 -14"><span class='ocrx_word' id='word_1_132' title='bbox 239 1673 354 1726; x_wconf 90' lang='lat' dir='ltr'><strong>dem</strong></span> <span class='ocrx_word' id='word_1_133' title='bbox 379 1674 586 1727; x_wconf 85' lang='lat' dir='ltr'><strong>Weisen</strong></span> <span class='ocrx_word' id='word_1_134' title='bbox 625 1675 781 1726; x_wconf 86' lang='lat' dir='ltr'><strong>allein</strong></span> <span class='ocrx_word' id='word_1_135' title='bbox 816 1674 1098 1740; x_wconf 86' lang='lat' dir='ltr'><strong>zukommt,</strong></span> <span class='ocrx_word' id='word_1_136' title='bbox 1137 1691 1268 1727; x_wconf 80' lang='lat' dir='ltr'><strong>wes-</strong></span> 
     </span>
     <span class='ocr_line' id='line_1_20' title="bbox 238 1742 1267 1796; baseline 0.002 -2"><span class='ocrx_word' id='word_1_137' title='bbox 238 1742 361 1794; x_wconf 77' lang='lat' dir='ltr'><strong>halb</strong></span> <span class='ocrx_word' id='word_1_138' title='bbox 398 1742 635 1795; x_wconf 88' lang='lat' dir='ltr'><strong>derselbe</strong></span> <span class='ocrx_word' id='word_1_139' title='bbox 661 1744 791 1795; x_wconf 85' lang='lat' dir='ltr'><strong>auch</strong></span> <span class='ocrx_word' id='word_1_140' title='bbox 830 1743 912 1795; x_wconf 90' lang='lat' dir='ltr'><strong>nie</strong></span> <span class='ocrx_word' id='word_1_141' title='bbox 935 1745 1069 1795; x_wconf 89' lang='lat' dir='ltr'><strong>irren</strong></span> <span class='ocrx_word' id='word_1_142' title='bbox 1096 1743 1267 1796; x_wconf 75' lang='lat' dir='ltr'><strong>konne</strong></span> 
     </span>
     <span class='ocr_line' id='line_1_21' title="bbox 236 1811 1266 1878; baseline 0.002 -16"><span class='ocrx_word' id='word_1_143' title='bbox 236 1813 406 1875; x_wconf 79' lang='lat' dir='ltr'><strong>(certa</strong></span> <span class='ocrx_word' id='word_1_144' title='bbox 429 1812 611 1862; x_wconf 79' lang='lat' dir='ltr'><strong>dicent</strong></span> <span class='ocrx_word' id='word_1_145' title='bbox 633 1814 721 1874; x_wconf 81' lang='lat' dir='ltr'><strong>ii);</strong></span> <span class='ocrx_word' id='word_1_146' title='bbox 749 1813 856 1878; x_wconf 80' lang='lat' dir='ltr'><strong>vgl.</strong></span> <span class='ocrx_word' id='word_1_147' title='bbox 881 1811 945 1863; x_wconf 92' lang='lat' dir='ltr'><strong>de</strong></span> <span class='ocrx_word' id='word_1_148' title='bbox 970 1811 1056 1863; x_wconf 81' lang='lat' dir='ltr'><strong>off.</strong></span> <span class='ocrx_word' id='word_1_149' title='bbox 1076 1812 1135 1864; x_wconf 86' lang='lat'><strong>11.</strong></span> <span class='ocrx_word' id='word_1_150' title='bbox 1150 1814 1266 1876; x_wconf 84' lang='lat'><strong>2,7:</strong></span> 
     </span>
     <span class='ocr_line' id='line_1_22' title="bbox 239 1879 1269 1945; baseline 0.003 -16"><span class='ocrx_word' id='word_1_151' title='bbox 239 1882 618 1945; x_wconf 73' lang='lat' dir='ltr'><strong>quaerentibus</strong></span> <span class='ocrx_word' id='word_1_152' title='bbox 633 1882 837 1931; x_wconf 75' lang='lat' dir='ltr'><strong>satisne</strong></span> <span class='ocrx_word' id='word_1_153' title='bbox 859 1885 1166 1932; x_wconf 76' lang='lat' dir='ltr'><strong>constanter</strong></span> <span class='ocrx_word' id='word_1_154' title='bbox 1183 1879 1269 1941; x_wconf 75' lang='lat' dir='ltr'><strong>sa-</strong></span> 
     </span>
     <span class='ocr_line' id='line_1_23' title="bbox 239 1948 1271 2016; baseline 0.001 -17"><span class='ocrx_word' id='word_1_155' title='bbox 239 1963 358 1999; x_wconf 82' lang='lat' dir='ltr'><strong>cere</strong></span> <span class='ocrx_word' id='word_1_156' title='bbox 390 1948 692 2016; x_wconf 78' lang='lat' dir='ltr'><strong>videamur,</strong></span> <span class='ocrx_word' id='word_1_157' title='bbox 735 1951 831 2015; x_wconf 80' lang='lat' dir='ltr'><strong>qui</strong></span> <span class='ocrx_word' id='word_1_158' title='bbox 842 1988 857 2013; x_wconf 92' lang='lat'><strong>,</strong></span> <span class='ocrx_word' id='word_1_159' title='bbox 906 1964 1025 2000; x_wconf 82' lang='lat' dir='ltr'><strong>cum</strong></span> <span class='ocrx_word' id='word_1_160' title='bbox 1057 1951 1271 2015; x_wconf 78' lang='lat' dir='ltr'><strong>percipi</strong></span> 
     </span>
     <span class='ocr_line' id='line_1_24' title="bbox 238 2017 1270 2082; baseline 0 -16"><span class='ocrx_word' id='word_1_161' title='bbox 238 2017 383 2067; x_wconf 70' lang='lat' dir='ltr'><strong><em>nihil</em></strong></span> <span class='ocrx_word' id='word_1_162' title='bbox 400 2032 559 2082; x_wconf 75' lang='lat' dir='ltr'><strong>posse</strong></span> <span class='ocrx_word' id='word_1_163' title='bbox 583 2017 841 2081; x_wconf 72' lang='lat' dir='ltr'><strong>dicamus,</strong></span> <span class='ocrx_word' id='word_1_164' title='bbox 867 2021 1045 2068; x_wconf 77' lang='lat' dir='ltr'><strong>tamen</strong></span> <span class='ocrx_word' id='word_1_165' title='bbox 1068 2023 1123 2068; x_wconf 80' lang='lat' dir='ltr'><strong>et</strong></span> <span class='ocrx_word' id='word_1_166' title='bbox 1143 2018 1270 2069; x_wconf 70' lang='lat' dir='ltr'><strong>aliis</strong></span> 
     </span>
     <span class='ocr_line' id='line_1_25' title="bbox 240 2085 1269 2138; baseline 0.003 -4"><span class='ocrx_word' id='word_1_167' title='bbox 240 2085 305 2134; x_wconf 79' lang='lat' dir='ltr'><strong>de</strong></span> <span class='ocrx_word' id='word_1_168' title='bbox 350 2087 510 2135; x_wconf 73' lang='lat' dir='ltr'><strong>rebus</strong></span> <span class='ocrx_word' id='word_1_169' title='bbox 553 2086 818 2136; x_wconf 75' lang='lat' dir='ltr'><strong>disserere</strong></span> <span class='ocrx_word' id='word_1_170' title='bbox 866 2087 1145 2138; x_wconf 73' lang='lat' dir='ltr'><strong>soleamus.</strong></span> <span class='ocrx_word' id='word_1_171' title='bbox 1201 2113 1269 2123; x_wconf 89' lang='lat'><em>-</em></span> 
     </span>
     <span class='ocr_line' id='line_1_26' title="bbox 239 2152 1269 2219; baseline -0.001 -16"><span class='ocrx_word' id='word_1_172' title='bbox 239 2152 579 2205; x_wconf 84' lang='lat' dir='ltr'><strong>Hinsichtlieh</strong></span> <span class='ocrx_word' id='word_1_173' title='bbox 625 2153 716 2205; x_wconf 87' lang='lat' dir='ltr'><strong>des</strong></span> <span class='ocrx_word' id='word_1_174' title='bbox 749 2153 844 2206; x_wconf 83' lang='lat' dir='ltr'><strong>Inf.</strong></span> <span class='ocrx_word' id='word_1_175' title='bbox 884 2170 994 2204; x_wconf 77' lang='lat' dir='ltr'><strong>esse</strong></span> <span class='ocrx_word' id='word_1_176' title='bbox 1027 2155 1111 2206; x_wconf 87' lang='lat' dir='ltr'><strong>bei</strong></span> <span class='ocrx_word' id='word_1_177' title='bbox 1140 2170 1269 2219; x_wconf 78' lang='lat' dir='ltr'><strong>pro·</strong></span> 
     </span>
     <span class='ocr_line' id='line_1_27' title="bbox 239 2220 1271 2288; baseline 0.002 -17"><span class='ocrx_word' id='word_1_178' title='bbox 239 2221 467 2282; x_wconf 75' lang='lat' dir='ltr'><strong>fitentur</strong></span> <span class='ocrx_word' id='word_1_179' title='bbox 499 2221 605 2287; x_wconf 81' lang='lat' dir='ltr'><strong>vgl.</strong></span> <span class='ocrx_word' id='word_1_180' title='bbox 644 2220 769 2273; x_wconf 85' lang='lat' dir='ltr'><strong>z.11.</strong></span> <span class='ocrx_word' id='word_1_181' title='bbox 795 2225 961 2287; x_wconf 81' lang='lat'><strong>4,12:</strong></span> <span class='ocrx_word' id='word_1_182' title='bbox 995 2238 1271 2288; x_wconf 77' lang='lat' dir='ltr'><strong>gramma—</strong></span> 
     </span>
     <span class='ocr_line' id='line_1_28' title="bbox 243 2288 823 2355; baseline 0.007 -17"><span class='ocrx_word' id='word_1_183' title='bbox 243 2291 408 2340; x_wconf 74' lang='lat' dir='ltr'><strong>ticum</strong></span> <span class='ocrx_word' id='word_1_184' title='bbox 443 2305 500 2340; x_wconf 77' lang='lat' dir='ltr'><strong>se</strong></span> <span class='ocrx_word' id='word_1_185' title='bbox 531 2288 823 2355; x_wconf 74' lang='lat' dir='ltr'><strong>professus.</strong></span> 
     </span>
    </p>

    <p class='ocr_par' dir='ltr' id='par_1_10' title="bbox 232 2356 1272 2546">
     <span class='ocr_line' id='line_1_29' title="bbox 314 2356 1272 2424; baseline -0.002 -14"><span class='ocrx_word' id='word_1_186' title='bbox 314 2361 360 2410; x_wconf 91' lang='lat'><strong>1.</strong></span> <span class='ocrx_word' id='word_1_187' title='bbox 395 2363 473 2422; x_wconf 80' lang='lat' dir='ltr'><strong>tu,</strong></span> <span class='ocrx_word' id='word_1_188' title='bbox 508 2372 581 2409; x_wconf 87' lang='lat' dir='ltr'><strong>sc.</strong></span> <span class='ocrx_word' id='word_1_189' title='bbox 618 2356 728 2418; x_wconf 81' lang='lat' dir='ltr'><strong>s&#39;ac.</strong></span> <span class='ocrx_word' id='word_1_190' title='bbox 774 2358 893 2424; x_wconf 80' lang='lat' dir='ltr'><strong>Vgl.</strong></span> <span class='ocrx_word' id='word_1_191' title='bbox 919 2375 964 2413; x_wconf 86' lang='lat' dir='ltr'><strong>z.</strong></span> <span class='ocrx_word' id='word_1_192' title='bbox 987 2362 1069 2424; x_wconf 94' lang='grc'><strong>11,</strong></span> <span class='ocrx_word' id='word_1_193' title='bbox 1094 2360 1185 2411; x_wconf 85' lang='lat'><strong>23:</strong></span> <span class='ocrx_word' id='word_1_194' title='bbox 1221 2362 1272 2409; x_wconf 78' lang='lat' dir='ltr'><strong>si</strong></span> 
     </span>
     <span class='ocr_line' id='line_1_30' title="bbox 232 2428 1272 2493; baseline -0.001 -16"><span class='ocrx_word' id='word_1_195' title='bbox 232 2430 451 2493; x_wconf 76' lang='lat' dir='ltr'><strong>posset‚·</strong></span> <span class='ocrx_word' id='word_1_196' title='bbox 484 2430 550 2476; x_wconf 83' lang='lat' dir='ltr'><strong>ut</strong></span> <span class='ocrx_word' id='word_1_197' title='bbox 583 2428 817 2493; x_wconf 82' lang='lat' dir='ltr'><strong>videtur,</strong></span> <span class='ocrx_word' id='word_1_198' title='bbox 851 2442 892 2479; x_wconf 79' lang='lat' dir='ltr'><strong>e.</strong></span> <span class='ocrx_word' id='word_1_199' title='bbox 920 2443 965 2479; x_wconf 87' lang='lat' dir='ltr'><strong>z.</strong></span> <span class='ocrx_word' id='word_1_200' title='bbox 996 2430 1077 2492; x_wconf 92' lang='lat'><strong>11,</strong></span> <span class='ocrx_word' id='word_1_201' title='bbox 1096 2428 1187 2479; x_wconf 85' lang='lat'><strong>23:</strong></span> <span class='ocrx_word' id='word_1_202' title='bbox 1222 2431 1272 2477; x_wconf 71' lang='lat' dir='ltr'><strong>si</strong></span> 
     </span>
     <span class='ocr_line' id='line_1_31' title="bbox 239 2494 472 2546; baseline 0 0"><span class='ocrx_word' id='word_1_203' title='bbox 239 2494 472 2546; x_wconf 74' lang='lat' dir='ltr'><strong>videtur.</strong></span> 
     </span>
    </p>

    <p class='ocr_par' dir='ltr' id='par_1_11' title="bbox 239 2561 1275 2905">
     <span class='ocr_line' id='line_1_32' title="bbox 307 2561 1269 2615; baseline 0 0"><span class='ocrx_word' id='word_1_204' title='bbox 307 2567 360 2615; x_wconf 85' lang='lat'><strong>4.</strong></span> <span class='ocrx_word' id='word_1_205' title='bbox 400 2563 703 2614; x_wconf 70' lang='lat' dir='ltr'><strong>discessum.</strong></span> <span class='ocrx_word' id='word_1_206' title='bbox 760 2562 829 2615; x_wconf 92' lang='lat' dir='ltr'><strong>So</strong></span> <span class='ocrx_word' id='word_1_207' title='bbox 841 2563 991 2615; x_wconf 78' lang='lat' dir='ltr'><strong>Plato</strong></span> <span class='ocrx_word' id='word_1_208' title='bbox 1010 2564 1077 2615; x_wconf 86' lang='lat' dir='ltr'><strong>im</strong></span> <span class='ocrx_word' id='word_1_209' title='bbox 1095 2561 1269 2615; x_wconf 69' lang='lat' dir='ltr'><strong>Phfido</strong></span> 
     </span>
     <span class='ocr_line' id='line_1_33' title="bbox 239 2630 1272 2700; baseline 0 -17"><span class='ocrx_word' id='word_1_210' title='bbox 239 2648 290 2699; x_wconf 82' lang='lat' dir='ltr'><strong>p.</strong></span> <span class='ocrx_word' id='word_1_211' title='bbox 304 2631 416 2684; x_wconf 67' lang='lat'><strong>6411</strong></span> <span class='ocrx_word' id='word_1_212' title='bbox 431 2649 448 2684; x_wconf 73' lang='lat' dir='ltr'><strong>e</strong></span> <span class='ocrx_word' id='word_1_213' title='bbox 473 2630 764 2700; x_wconf 73' lang='grc' dir='ltr'><strong>ήγούμεθά</strong></span> <span class='ocrx_word' id='word_1_214' title='bbox 801 2651 863 2682; x_wconf 84' lang='grc' dir='ltr'><strong>τε</strong></span> <span class='ocrx_word' id='word_1_215' title='bbox 887 2634 988 2684; x_wconf 75' lang='grc' dir='ltr'><strong>τὸν</strong></span> <span class='ocrx_word' id='word_1_216' title='bbox 1013 2630 1272 2683; x_wconf 77' lang='grc' dir='ltr'><strong><em>θάνατον</em></strong></span> 
     </span>
     <span class='ocr_line' id='line_1_34' title="bbox 239 2697 1273 2767; baseline 0 -16"><span class='ocrx_word' id='word_1_217' title='bbox 239 2701 419 2761; x_wconf 84' lang='grc' dir='ltr'><strong>εἶναι,·</strong></span> <span class='ocrx_word' id='word_1_218' title='bbox 466 2727 535 2735; x_wconf 85' lang='grc'>-</span> <span class='ocrx_word' id='word_1_219' title='bbox 582 2700 691 2767; x_wconf 75' lang='grc' dir='ltr'><strong>ἄρα</strong></span> <span class='ocrx_word' id='word_1_220' title='bbox 731 2702 806 2766; x_wconf 85' lang='grc' dir='ltr'><strong><em>μή</em></strong></span> <span class='ocrx_word' id='word_1_221' title='bbox 846 2697 973 2751; x_wconf 68' lang='lat' dir='ltr'><strong>«mo</strong></span> <span class='ocrx_word' id='word_1_222' title='bbox 1010 2719 1066 2751; x_wconf 84' lang='grc' dir='ltr'><strong>τι</strong></span> <span class='ocrx_word' id='word_1_223' title='bbox 1098 2703 1131 2766; x_wconf 86' lang='grc' dir='ltr'><em>ἢ</em></span> <span class='ocrx_word' id='word_1_224' title='bbox 1171 2702 1273 2765; x_wconf 78' lang='grc' dir='ltr'><strong>τὴν</strong></span> 
     </span>
     <span class='ocr_line' id='line_1_35' title="bbox 240 2769 1275 2905; baseline 0.002 -87"><span class='ocrx_word' id='word_1_225' title='bbox 240 2774 342 2886; x_wconf 56' lang='grc' dir='ltr'><strong>ἑῆς</strong></span> <span class='ocrx_word' id='word_1_226' title='bbox 367 2773 586 2905; x_wconf 45' lang='lat' dir='ltr'><strong>zm&amp;</strong></span> <span class='ocrx_word' id='word_1_227' title='bbox 653 2769 768 2818; x_wconf 81' lang='grc' dir='ltr'><strong>ἀπὸ</strong></span> <span class='ocrx_word' id='word_1_228' title='bbox 849 2776 951 2820; x_wconf 80' lang='grc' dir='ltr'><strong>τοῦ</strong></span> <span class='ocrx_word' id='word_1_229' title='bbox 1018 2772 1275 2824; x_wconf 69' lang='grc' dir='ltr'><strong><em>σώματος</em></strong></span> 
     </span>
    </p>

    <p class='ocr_par' dir='ltr' id='par_1_12' title="bbox 279 2852 596 2899">
     <span class='ocr_line' id='line_1_36' title="bbox 279 2852 596 2899; baseline 0 -12"><span class='ocrx_word' id='word_1_230' title='bbox 279 2852 365 2887; x_wconf 84' lang='grc' dir='ltr'><strong>πα</strong></span> <span class='ocrx_word' id='word_1_231' title='bbox 429 2855 463 2885; x_wconf 86' lang='grc' dir='ltr'><strong><em>α</em></strong></span> <span class='ocrx_word' id='word_1_232' title='bbox 533 2855 596 2899; x_wconf 84' lang='grc' dir='ltr'><strong>ν,·</strong></span> 
     </span>
    </p>

    <p class='ocr_par' dir='ltr' id='par_1_13' title="bbox 240 2903 1275 3243">
     <span class='ocr_line' id='line_1_37' title="bbox 312 2903 1272 2970; baseline 0 -13"><span class='ocrx_word' id='word_1_233' title='bbox 312 2907 365 2958; x_wconf 87' lang='grc'><strong>6.</strong></span> <span class='ocrx_word' id='word_1_234' title='bbox 415 2907 910 2969; x_wconf 70' lang='lat' dir='ltr'><strong>una—exstingui.</strong></span> <span class='ocrx_word' id='word_1_235' title='bbox 962 2903 1272 2970; x_wconf 84' lang='lat' dir='ltr'><strong>Vgl.11,24.</strong></span> 
     </span>
     <span class='ocr_line' id='line_1_38' title="bbox 245 2971 1275 3038; baseline -0.001 -14"><span class='ocrx_word' id='word_1_236' title='bbox 245 2971 373 3024; x_wconf 87' lang='lat' dir='ltr'><strong>Wer</strong></span> <span class='ocrx_word' id='word_1_237' title='bbox 407 2971 522 3024; x_wconf 86' lang='lat' dir='ltr'><strong>dies</strong></span> <span class='ocrx_word' id='word_1_238' title='bbox 545 2972 728 3037; x_wconf 86' lang='lat' dir='ltr'><strong>lehrte,</strong></span> <span class='ocrx_word' id='word_1_239' title='bbox 764 2987 806 3027; x_wconf 89' lang='lat' dir='ltr'><strong>s.</strong></span> <span class='ocrx_word' id='word_1_240' title='bbox 844 2971 1014 3038; x_wconf 83' lang='lat' dir='ltr'><strong>gleich</strong></span> <span class='ocrx_word' id='word_1_241' title='bbox 1050 2971 1275 3023; x_wconf 84' lang='lat' dir='ltr'><strong>nachher</strong></span> 
     </span>
     <span class='ocr_line' id='line_1_39' title="bbox 240 3038 1273 3104; baseline -0.001 -12"><span class='ocrx_word' id='word_1_242' title='bbox 240 3044 271 3104; x_wconf 66' lang='grc' dir='ltr'><strong>ξ</strong></span> <span class='ocrx_word' id='word_1_243' title='bbox 314 3042 381 3092; x_wconf 87' lang='lat'><strong>18</strong></span> <span class='ocrx_word' id='word_1_244' title='bbox 430 3038 535 3091; x_wconf 89' lang='lat' dir='ltr'><strong>und</strong></span> <span class='ocrx_word' id='word_1_245' title='bbox 585 3043 665 3095; x_wconf 94' lang='grc'><strong>19.</strong></span> <span class='ocrx_word' id='word_1_246' title='bbox 735 3039 883 3091; x_wconf 86' lang='lat' dir='ltr'><strong>Auch</strong></span> <span class='ocrx_word' id='word_1_247' title='bbox 917 3041 1273 3102; x_wconf 76' lang='lat' dir='ltr'><strong>AristoxenuS,</strong></span> 
     </span>
     <span class='ocr_line' id='line_1_40' title="bbox 241 3107 1271 3175; baseline 0 -15"><span class='ocrx_word' id='word_1_248' title='bbox 241 3108 494 3160; x_wconf 65' lang='lat' dir='ltr'><strong>Dicaerch</strong></span> <span class='ocrx_word' id='word_1_249' title='bbox 512 3107 616 3159; x_wconf 87' lang='lat' dir='ltr'><strong>und</strong></span> <span class='ocrx_word' id='word_1_250' title='bbox 637 3107 719 3160; x_wconf 91' lang='lat' dir='ltr'><strong>die</strong></span> <span class='ocrx_word' id='word_1_251' title='bbox 737 3108 1026 3160; x_wconf 86' lang='lat' dir='ltr'><strong>Atomisten</strong></span> <span class='ocrx_word' id='word_1_252' title='bbox 1048 3108 1271 3175; x_wconf 76' lang='lat' dir='ltr'><strong>gehoren</strong></span> 
     </span>
     <span class='ocr_line' id='line_1_41' title="bbox 242 3176 881 3243; baseline -0.003 -14"><span class='ocrx_word' id='word_1_253' title='bbox 242 3176 468 3238; x_wconf 86' lang='lat' dir='ltr'><strong>hierher‚</strong></span> <span class='ocrx_word' id='word_1_254' title='bbox 506 3190 548 3229; x_wconf 89' lang='lat' dir='ltr'><strong>s.</strong></span> <span class='ocrx_word' id='word_1_255' title='bbox 588 3176 620 3243; x_wconf 65' lang='lat'><strong>5</strong></span> <span class='ocrx_word' id='word_1_256' title='bbox 660 3177 881 3228; x_wconf 83' lang='lat'><strong>20-22.</strong></span> 
     </span>
    </p>

    <p class='ocr_par' dir='ltr' id='par_1_14' title="bbox 241 3243 1280 3788">
     <span class='ocr_line' id='line_1_42' title="bbox 314 3243 1273 3308; baseline -0.001 -12"><span class='ocrx_word' id='word_1_257' title='bbox 314 3248 366 3296; x_wconf 83' lang='lat'><strong>7.</strong></span> <span class='ocrx_word' id='word_1_258' title='bbox 429 3243 538 3308; x_wconf 79' lang='lat' dir='ltr'><strong>Qui</strong></span> <span class='ocrx_word' id='word_1_259' title='bbox 570 3250 784 3295; x_wconf 76' lang='lat' dir='ltr'><strong>censent</strong></span> <span class='ocrx_word' id='word_1_260' title='bbox 817 3273 884 3281; x_wconf 90' lang='lat'><strong>—</strong></span> <span class='ocrx_word' id='word_1_261' title='bbox 920 3244 1021 3295; x_wconf 82' lang='lat' dir='ltr'><strong>alii</strong></span> <span class='ocrx_word' id='word_1_262' title='bbox 1059 3272 1119 3281; x_wconf 92' lang='lat'><em>—</em></span> <span class='ocrx_word' id='word_1_263' title='bbox 1157 3244 1273 3296; x_wconf 76' lang='lat' dir='ltr'><strong>alii.</strong></span> 
     </span>
     <span class='ocr_line' id='line_1_43' title="bbox 241 3311 1277 3380; baseline 0 -16"><span class='ocrx_word' id='word_1_264' title='bbox 241 3313 399 3365; x_wconf 88' lang='lat' dir='ltr'><strong>Diese</strong></span> <span class='ocrx_word' id='word_1_265' title='bbox 457 3313 697 3380; x_wconf 78' lang='lat' dir='ltr'><strong>partitive</strong></span> <span class='ocrx_word' id='word_1_266' title='bbox 750 3312 1059 3379; x_wconf 85' lang='lat' dir='ltr'><strong>Apposition</strong></span> <span class='ocrx_word' id='word_1_267' title='bbox 1113 3311 1277 3364; x_wconf 81' lang='lat' dir='ltr'><strong>findet</strong></span> 
     </span>
     <span class='ocr_line' id='line_1_44' title="bbox 247 3379 1274 3444; baseline -0.002 -10"><span class='ocrx_word' id='word_1_268' title='bbox 247 3381 361 3434; x_wconf 86' lang='lat' dir='ltr'><strong>sich</strong></span> <span class='ocrx_word' id='word_1_269' title='bbox 399 3380 453 3432; x_wconf 91' lang='lat' dir='ltr'><strong>in</strong></span> <span class='ocrx_word' id='word_1_270' title='bbox 492 3379 587 3431; x_wconf 92' lang='lat' dir='ltr'><strong>den</strong></span> <span class='ocrx_word' id='word_1_271' title='bbox 614 3380 769 3433; x_wconf 87' lang='lat' dir='ltr'><strong>Tusc.</strong></span> <span class='ocrx_word' id='word_1_272' title='bbox 794 3380 929 3432; x_wconf 88' lang='lat' dir='ltr'><strong>noch</strong></span> <span class='ocrx_word' id='word_1_273' title='bbox 952 3380 1028 3432; x_wconf 87' lang='lat'><strong>111.</strong></span> <span class='ocrx_word' id='word_1_274' title='bbox 1056 3381 1105 3444; x_wconf 86' lang='lat'><strong>2,</strong></span> <span class='ocrx_word' id='word_1_275' title='bbox 1129 3384 1184 3440; x_wconf 78' lang='lat'><strong>43</strong></span> <span class='ocrx_word' id='word_1_276' title='bbox 1211 3379 1274 3432; x_wconf 83' lang='lat' dir='ltr'><strong>V.</strong></span> 
     </span>
     <span class='ocr_line' id='line_1_45' title="bbox 246 3449 1276 3515; baseline -0.005 -11"><span class='ocrx_word' id='word_1_277' title='bbox 246 3453 297 3513; x_wconf 82' lang='lat'><strong>3,</strong></span> <span class='ocrx_word' id='word_1_278' title='bbox 318 3452 379 3510; x_wconf 83' lang='lat'><strong>9;</strong></span> <span class='ocrx_word' id='word_1_279' title='bbox 410 3450 491 3511; x_wconf 81' lang='lat'><strong>13,</strong></span> <span class='ocrx_word' id='word_1_280' title='bbox 513 3452 576 3501; x_wconf 80' lang='lat'><strong>37</strong></span> <span class='ocrx_word' id='word_1_281' title='bbox 597 3465 645 3501; x_wconf 96' lang='grc' dir='ltr'><strong>ιι.</strong></span> <span class='ocrx_word' id='word_1_282' title='bbox 669 3451 758 3509; x_wconf 87' lang='grc'><strong>38;</strong></span> <span class='ocrx_word' id='word_1_283' title='bbox 794 3450 978 3499; x_wconf 76' lang='lat' dir='ltr'><strong>statim</strong></span> <span class='ocrx_word' id='word_1_284' title='bbox 1003 3449 1276 3515; x_wconf 70' lang='lat' dir='ltr'><strong>dissipari,</strong></span> 
     </span>
     <span class='ocr_line' id='line_1_46' title="bbox 246 3515 1275 3582; baseline -0.001 -12"><span class='ocrx_word' id='word_1_285' title='bbox 246 3518 411 3570; x_wconf 88' lang='lat' dir='ltr'><strong>Lehre</strong></span> <span class='ocrx_word' id='word_1_286' title='bbox 447 3515 538 3568; x_wconf 89' lang='lat' dir='ltr'><strong>der</strong></span> <span class='ocrx_word' id='word_1_287' title='bbox 573 3516 880 3582; x_wconf 85' lang='lat' dir='ltr'><strong>Epikureer;</strong></span> <span class='ocrx_word' id='word_1_288' title='bbox 929 3517 1035 3582; x_wconf 83' lang='lat' dir='ltr'><strong>vgl.</strong></span> <span class='ocrx_word' id='word_1_289' title='bbox 1074 3519 1156 3580; x_wconf 85' lang='lat'><strong>21,</strong></span> <span class='ocrx_word' id='word_1_290' title='bbox 1193 3521 1275 3571; x_wconf 87' lang='grc'><strong>49.</strong></span> 
     </span>
     <span class='ocr_line' id='line_1_47' title="bbox 250 3582 1280 3653; baseline -0.001 -16"><span class='ocrx_word' id='word_1_291' title='bbox 250 3585 397 3637; x_wconf 82' lang='lat' dir='ltr'><strong>Sext.</strong></span> <span class='ocrx_word' id='word_1_292' title='bbox 425 3584 572 3650; x_wconf 86' lang='lat' dir='ltr'><strong>Emp.</strong></span> <span class='ocrx_word' id='word_1_293' title='bbox 596 3584 712 3637; x_wconf 83' lang='lat' dir='ltr'><strong>adv.</strong></span> <span class='ocrx_word' id='word_1_294' title='bbox 739 3585 896 3636; x_wconf 83' lang='lat' dir='ltr'><strong>math.</strong></span> <span class='ocrx_word' id='word_1_295' title='bbox 925 3585 989 3637; x_wconf 89' lang='lat' dir='ltr'><strong>IX</strong></span> <span class='ocrx_word' id='word_1_296' title='bbox 1015 3586 1049 3653; x_wconf 67' lang='grc' dir='ltr'><strong>ξ</strong></span> <span class='ocrx_word' id='word_1_297' title='bbox 1068 3588 1159 3638; x_wconf 80' lang='lat'><strong>72:</strong></span> <span class='ocrx_word' id='word_1_298' title='bbox 1197 3582 1280 3649; x_wconf 82' lang='grc' dir='ltr'><strong>(αἱ</strong></span> 
     </span>
     <span class='ocr_line' id='line_1_48' title="bbox 249 3649 1279 3721; baseline 0.001 -16"><span class='ocrx_word' id='word_1_299' title='bbox 249 3656 445 3721; x_wconf 78' lang='grc' dir='ltr'><strong><em>ψυχαὶ)</em></strong></span> <span class='ocrx_word' id='word_1_300' title='bbox 464 3649 837 3705; x_wconf 73' lang='grc' dir='ltr'><strong>ἀπολυθετσαι</strong></span> <span class='ocrx_word' id='word_1_301' title='bbox 861 3660 979 3705; x_wconf 82' lang='grc' dir='ltr'><strong>τῶν</strong></span> <span class='ocrx_word' id='word_1_302' title='bbox 997 3656 1279 3719; x_wconf 82' lang='grc' dir='ltr'><strong><em>σωμάτων</em></strong></span> 
     </span>
     <span class='ocr_line' id='line_1_49' title="bbox 249 3717 1043 3788; baseline -0.004 -14"><span class='ocrx_word' id='word_1_303' title='bbox 249 3728 473 3775; x_wconf 82' lang='grc' dir='ltr'><strong><em>καπνοῦ</em></strong></span> <span class='ocrx_word' id='word_1_304' title='bbox 507 3717 665 3788; x_wconf 77' lang='grc' dir='ltr'><strong><em>δίκην</em></strong></span> <span class='ocrx_word' id='word_1_305' title='bbox 701 3718 1043 3775; x_wconf 75' lang='grc' dir='ltr'><strong>σκίδνανται.</strong></span> 
     </span>
    </p>

    <p class='ocr_par' dir='ltr' id='par_1_15' title="bbox 254 3787 1279 3924">
     <span class='ocr_line' id='line_1_50' title="bbox 321 3787 1279 3856; baseline -0.003 -13"><span class='ocrx_word' id='word_1_306' title='bbox 321 3793 370 3843; x_wconf 87' lang='grc'><strong>8.</strong></span> <span class='ocrx_word' id='word_1_307' title='bbox 446 3789 539 3840; x_wconf 85' lang='lat' dir='ltr'><strong>diu</strong></span> <span class='ocrx_word' id='word_1_308' title='bbox 578 3806 920 3856; x_wconf 81' lang='lat' dir='ltr'><strong>permanere,</strong></span> <span class='ocrx_word' id='word_1_309' title='bbox 975 3789 1134 3841; x_wconf 85' lang='lat' dir='ltr'><strong>Lehre</strong></span> <span class='ocrx_word' id='word_1_310' title='bbox 1187 3787 1279 3842; x_wconf 90' lang='lat' dir='ltr'><strong>der</strong></span> 
     </span>
     <span class='ocr_line' id='line_1_51' title="bbox 254 3857 1276 3924; baseline 0.001 -15"><span class='ocrx_word' id='word_1_311' title='bbox 254 3857 478 3910; x_wconf 85' lang='lat' dir='ltr'><strong>Stoiker.</strong></span> <span class='ocrx_word' id='word_1_312' title='bbox 518 3857 633 3924; x_wconf 81' lang='lat' dir='ltr'><strong>Vgl.</strong></span> <span class='ocrx_word' id='word_1_313' title='bbox 653 3863 811 3911; x_wconf 79' lang='lat' dir='ltr'><strong>unten</strong></span> <span class='ocrx_word' id='word_1_314' title='bbox 841 3861 922 3922; x_wconf 84' lang='grc'><strong>31,</strong></span> <span class='ocrx_word' id='word_1_315' title='bbox 943 3861 1005 3910; x_wconf 84' lang='lat'><strong>77</strong></span> <span class='ocrx_word' id='word_1_316' title='bbox 1028 3873 1077 3910; x_wconf 91' lang='lat' dir='ltr'><strong>u.</strong></span> <span class='ocrx_word' id='word_1_317' title='bbox 1099 3859 1182 3923; x_wconf 85' lang='lat'><strong>32,</strong></span> <span class='ocrx_word' id='word_1_318' title='bbox 1196 3861 1276 3911; x_wconf 80' lang='lat'><strong>79.</strong></span> 
     </span>
    </p>
   </div>
   <div class='ocr_carea' id='block_1_10' title="bbox 1369 1535 2400 2205">
    <p class='ocr_par' dir='ltr' id='par_1_16' title="bbox 1369 1535 2399 1811">
     <span class='ocr_line' id='line_1_52' title="bbox 1369 1535 2399 1605; baseline 0.003 -16"><span class='ocrx_word' id='word_1_319' title='bbox 1369 1537 1583 1603; x_wconf 79' lang='lat' dir='ltr'><strong>Diogen.</strong></span> <span class='ocrx_word' id='word_1_320' title='bbox 1631 1536 1795 1590; x_wconf 75' lang='lat' dir='ltr'><strong>Laert.</strong></span> <span class='ocrx_word' id='word_1_321' title='bbox 1843 1535 1948 1589; x_wconf 89' lang='lat' dir='ltr'><strong>Vll.</strong></span> <span class='ocrx_word' id='word_1_322' title='bbox 1997 1540 2118 1591; x_wconf 79' lang='lat'>156:</span> <span class='ocrx_word' id='word_1_323' title='bbox 2176 1540 2399 1605; x_wconf 78' lang='grc' dir='ltr'><strong>(ψυχὴν)</strong></span> 
     </span>
     <span class='ocr_line' id='line_1_53' title="bbox 1371 1607 2398 1674; baseline 0.002 -17"><span class='ocrx_word' id='word_1_324' title='bbox 1371 1607 1517 1657; x_wconf 81' lang='grc' dir='ltr'><strong><em>εἶναι</em></strong></span> <span class='ocrx_word' id='word_1_325' title='bbox 1569 1607 1634 1655; x_wconf 80' lang='grc' dir='ltr'><strong>τὸ</strong></span> <span class='ocrx_word' id='word_1_326' title='bbox 1689 1609 1927 1674; x_wconf 69' lang='grc' dir='ltr'><strong><em>συμφυὲς</em></strong></span> <span class='ocrx_word' id='word_1_327' title='bbox 1976 1609 2110 1673; x_wconf 79' lang='grc' dir='ltr'><strong>ἡμῖν</strong></span> <span class='ocrx_word' id='word_1_328' title='bbox 2163 1615 2398 1672; x_wconf 78' lang='grc' dir='ltr'><strong>πνεῦμα,</strong></span> 
     </span>
     <span class='ocr_line' id='line_1_54' title="bbox 1374 1674 2398 1740; baseline 0.001 -15"><span class='ocrx_word' id='word_1_329' title='bbox 1374 1674 1462 1725; x_wconf 79' lang='grc' dir='ltr'><strong>διὸ</strong></span> <span class='ocrx_word' id='word_1_330' title='bbox 1497 1678 1589 1726; x_wconf 81' lang='grc' dir='ltr'><strong>καὶ</strong></span> <span class='ocrx_word' id='word_1_331' title='bbox 1626 1680 1787 1739; x_wconf 80' lang='grc' dir='ltr'><em>σῶμα</em></span> <span class='ocrx_word' id='word_1_332' title='bbox 1820 1675 1964 1724; x_wconf 84' lang='grc' dir='ltr'><strong><em>εἶναι</em></strong></span> <span class='ocrx_word' id='word_1_333' title='bbox 1987 1679 2079 1725; x_wconf 78' lang='grc' dir='ltr'><strong>καὶ</strong></span> <span class='ocrx_word' id='word_1_334' title='bbox 2110 1678 2255 1740; x_wconf 80' lang='grc' dir='ltr'><strong><em>μετὰ</em></strong></span> <span class='ocrx_word' id='word_1_335' title='bbox 2290 1676 2398 1726; x_wconf 77' lang='grc' dir='ltr'><strong>θά-</strong></span> 
     </span>
     <span class='ocr_line' id='line_1_55' title="bbox 1370 1739 2399 1811; baseline 0.003 -16"><span class='ocrx_word' id='word_1_336' title='bbox 1370 1761 1547 1796; x_wconf 83' lang='grc' dir='ltr'><strong><em>νατον</em></strong></span> <span class='ocrx_word' id='word_1_337' title='bbox 1565 1742 1862 1808; x_wconf 70' lang='grc' dir='ltr'><strong>ἐπιμένειν,</strong></span> <span class='ocrx_word' id='word_1_338' title='bbox 1877 1741 2142 1811; x_wconf 71' lang='grc' dir='ltr'><strong><em>φθαρτὴν</em></strong></span> <span class='ocrx_word' id='word_1_339' title='bbox 2161 1739 2220 1794; x_wconf 72' lang='grc' dir='ltr'><strong>δὲ</strong></span> <span class='ocrx_word' id='word_1_340' title='bbox 2240 1744 2399 1798; x_wconf 84' lang='grc' dir='ltr'><strong>εἶναι.</strong></span> 
     </span>
    </p>

    <p class='ocr_par' dir='ltr' id='par_1_17' title="bbox 1440 1810 2398 1876">
     <span class='ocr_line' id='line_1_56' title="bbox 1440 1810 2398 1876; baseline 0.003 -15"><span class='ocrx_word' id='word_1_341' title='bbox 1440 1812 1542 1861; x_wconf 76' lang='lat' dir='ltr'><strong>aliz·</strong></span> <span class='ocrx_word' id='word_1_342' title='bbox 1574 1826 1803 1876; x_wconf 69' lang='lat' dir='ltr'><strong>semper:</strong></span> <span class='ocrx_word' id='word_1_343' title='bbox 1851 1810 2098 1863; x_wconf 79' lang='lat' dir='ltr'><strong>Sokrates</strong></span> <span class='ocrx_word' id='word_1_344' title='bbox 2143 1829 2192 1863; x_wconf 93' lang='lat' dir='ltr'><strong>u.</strong></span> <span class='ocrx_word' id='word_1_345' title='bbox 2231 1812 2398 1865; x_wconf 88' lang='lat' dir='ltr'><strong>Plato.</strong></span> 
     </span>
    </p>

    <p class='ocr_par' dir='ltr' id='par_1_18' title="bbox 1371 1878 2400 2205">
     <span class='ocr_line' id='line_1_57' title="bbox 1440 1878 2397 1946; baseline 0.001 -15"><span class='ocrx_word' id='word_1_346' title='bbox 1440 1882 1488 1932; x_wconf 87' lang='grc'><strong>9.</strong></span> <span class='ocrx_word' id='word_1_347' title='bbox 1534 1893 1631 1929; x_wconf 82' lang='lat' dir='ltr'><strong>cor</strong></span> <span class='ocrx_word' id='word_1_348' title='bbox 1663 1884 1853 1944; x_wconf 73' lang='lat' dir='ltr'><strong>ipsum,</strong></span> <span class='ocrx_word' id='word_1_349' title='bbox 1904 1878 2312 1946; x_wconf 82' lang='lat' dir='ltr'><strong>Volksmeinung</strong></span> <span class='ocrx_word' id='word_1_350' title='bbox 2346 1882 2397 1932; x_wconf 87' lang='lat' dir='ltr'><strong>in</strong></span> 
     </span>
     <span class='ocr_line' id='line_1_58' title="bbox 1372 1946 2398 2010; baseline 0.001 -12"><span class='ocrx_word' id='word_1_351' title='bbox 1372 1946 1744 1999; x_wconf 84' lang='lat' dir='ltr'><strong>Griechenland</strong></span> <span class='ocrx_word' id='word_1_352' title='bbox 1793 1947 1896 1998; x_wconf 91' lang='lat' dir='ltr'><strong>und</strong></span> <span class='ocrx_word' id='word_1_353' title='bbox 1940 1947 2147 2010; x_wconf 83' lang='lat' dir='ltr'><strong>Italien;</strong></span> <span class='ocrx_word' id='word_1_354' title='bbox 2203 1964 2261 1999; x_wconf 90' lang='lat' dir='ltr'><strong>so</strong></span> <span class='ocrx_word' id='word_1_355' title='bbox 2315 1949 2398 1999; x_wconf 88' lang='lat' dir='ltr'><strong>bei</strong></span> 
     </span>
     <span class='ocr_line' id='line_1_59' title="bbox 1371 2010 2400 2085; baseline 0.001 -19"><span class='ocrx_word' id='word_1_356' title='bbox 1371 2016 1560 2067; x_wconf 85' lang='lat' dir='ltr'><strong>Homer</strong></span> <span class='ocrx_word' id='word_1_357' title='bbox 1584 2010 1779 2084; x_wconf 77' lang='grc' dir='ltr'><em>κραδίη</em></span> <span class='ocrx_word' id='word_1_358' title='bbox 1804 2032 1854 2069; x_wconf 89' lang='grc' dir='ltr'><strong>ιι.</strong></span> <span class='ocrx_word' id='word_1_359' title='bbox 1882 2021 1981 2085; x_wconf 79' lang='grc' dir='ltr'><strong>κῆρ</strong></span> <span class='ocrx_word' id='word_1_360' title='bbox 2015 2016 2166 2081; x_wconf 86' lang='lat' dir='ltr'><strong>(auch</strong></span> <span class='ocrx_word' id='word_1_361' title='bbox 2193 2019 2400 2085; x_wconf 70' lang='grc' dir='ltr'><strong>φρένες)</strong></span> 
     </span>
     <span class='ocr_line' id='line_1_60' title="bbox 1371 2083 2397 2136; baseline -0.001 0"><span class='ocrx_word' id='word_1_362' title='bbox 1371 2084 1475 2136; x_wconf 81' lang='lat' dir='ltr'><strong>und</strong></span> <span class='ocrx_word' id='word_1_363' title='bbox 1526 2084 1605 2136; x_wconf 88' lang='lat' dir='ltr'><strong>bei</strong></span> <span class='ocrx_word' id='word_1_364' title='bbox 1663 2084 1760 2135; x_wconf 89' lang='lat' dir='ltr'><strong>den</strong></span> <span class='ocrx_word' id='word_1_365' title='bbox 1810 2083 2005 2136; x_wconf 68' lang='lat' dir='ltr'><strong>alteren</strong></span> <span class='ocrx_word' id='word_1_366' title='bbox 2058 2084 2397 2136; x_wconf 84' lang='lat' dir='ltr'><strong>lateinischen</strong></span> 
     </span>
     <span class='ocr_line' id='line_1_61' title="bbox 1372 2152 2397 2205; baseline 0 -2"><span class='ocrx_word' id='word_1_367' title='bbox 1372 2152 1614 2204; x_wconf 87' lang='lat' dir='ltr'><strong>Dichtern</strong></span> <span class='ocrx_word' id='word_1_368' title='bbox 1665 2152 1798 2204; x_wconf 79' lang='lat' dir='ltr'><strong>ofter</strong></span> <span class='ocrx_word' id='word_1_369' title='bbox 1844 2168 1939 2204; x_wconf 67' lang='lat' dir='ltr'><strong>cor·</strong></span> <span class='ocrx_word' id='word_1_370' title='bbox 1971 2154 2041 2204; x_wconf 89' lang='lat' dir='ltr'><strong>im</strong></span> <span class='ocrx_word' id='word_1_371' title='bbox 2090 2152 2247 2205; x_wconf 87' lang='lat' dir='ltr'><strong>Sinne</strong></span> <span class='ocrx_word' id='word_1_372' title='bbox 2296 2167 2397 2205; x_wconf 86' lang='lat' dir='ltr'><strong>von</strong></span> 
     </span>
    </p>
   </div>
   <div class='ocr_carea' id='block_1_11' title="bbox 1365 2212 1881 2286">
    <p class='ocr_par' dir='ltr' id='par_1_19' title="bbox 1365 2212 1881 2286">
     <span class='ocr_line' id='line_1_62' title="bbox 1365 2212 1881 2286; baseline 0.002 -14"><span class='ocrx_word' id='word_1_373' title='bbox 1365 2214 1555 2286; x_wconf 86' lang='lat' dir='ltr'><strong>‘Geist‚</strong></span> <span class='ocrx_word' id='word_1_374' title='bbox 1591 2212 1881 2273; x_wconf 84' lang='lat' dir='ltr'><strong>Verstand&#39;.</strong></span> 
     </span>
    </p>
   </div>
   <div class='ocr_carea' id='block_1_12' title="bbox 1374 2287 2405 3444">
    <p class='ocr_par' dir='ltr' id='par_1_20' title="bbox 1374 2287 2403 2817">
     <span class='ocr_line' id='line_1_63' title="bbox 1444 2287 2401 2355; baseline 0.001 -16"><span class='ocrx_word' id='word_1_375' title='bbox 1444 2291 1526 2340; x_wconf 89' lang='lat'><strong>11.</strong></span> <span class='ocrx_word' id='word_1_376' title='bbox 1561 2288 1781 2341; x_wconf 73' lang='lat' dir='ltr'><strong>Nasica.</strong></span> <span class='ocrx_word' id='word_1_377' title='bbox 1841 2288 1901 2340; x_wconf 90' lang='lat' dir='ltr'><strong>P.</strong></span> <span class='ocrx_word' id='word_1_378' title='bbox 1924 2287 2190 2342; x_wconf 85' lang='lat' dir='ltr'><strong>Cornelius</strong></span> <span class='ocrx_word' id='word_1_379' title='bbox 2226 2288 2401 2355; x_wconf 82' lang='lat' dir='ltr'><strong>Scipio</strong></span> 
     </span>
     <span class='ocr_line' id='line_1_64' title="bbox 1374 2355 2402 2422; baseline -0.002 -13"><span class='ocrx_word' id='word_1_380' title='bbox 1374 2355 1591 2419; x_wconf 77' lang='lat' dir='ltr'><strong>Nasica,</strong></span> <span class='ocrx_word' id='word_1_381' title='bbox 1636 2355 2068 2422; x_wconf 81' lang='lat' dir='ltr'><strong>Schwiegersohn</strong></span> <span class='ocrx_word' id='word_1_382' title='bbox 2107 2358 2198 2408; x_wconf 89' lang='lat' dir='ltr'><strong>des</strong></span> <span class='ocrx_word' id='word_1_383' title='bbox 2234 2357 2402 2408; x_wconf 69' lang='lat' dir='ltr'><strong>{iltern</strong></span> 
     </span>
     <span class='ocr_line' id='line_1_65' title="bbox 1374 2424 2402 2486; baseline 0.004 -11"><span class='ocrx_word' id='word_1_384' title='bbox 1374 2424 1663 2486; x_wconf 74' lang='lat' dir='ltr'><strong>Africanae,</strong></span> <span class='ocrx_word' id='word_1_385' title='bbox 1692 2427 1789 2476; x_wconf 83' lang='lat'><strong>162</strong></span> <span class='ocrx_word' id='word_1_386' title='bbox 1816 2424 1919 2475; x_wconf 89' lang='lat' dir='ltr'><strong>und</strong></span> <span class='ocrx_word' id='word_1_387' title='bbox 1943 2427 2040 2478; x_wconf 83' lang='lat'><strong>155</strong></span> <span class='ocrx_word' id='word_1_388' title='bbox 2061 2424 2274 2486; x_wconf 88' lang='lat' dir='ltr'><strong>Konsul,</strong></span> <span class='ocrx_word' id='word_1_389' title='bbox 2303 2428 2402 2479; x_wconf 81' lang='lat'><strong>159</strong></span> 
     </span>
     <span class='ocr_line' id='line_1_66' title="bbox 1375 2490 2403 2557; baseline -0.001 -14"><span class='ocrx_word' id='word_1_390' title='bbox 1375 2492 1591 2555; x_wconf 87' lang='lat' dir='ltr'><strong>Censor,</strong></span> <span class='ocrx_word' id='word_1_391' title='bbox 1636 2490 1713 2542; x_wconf 79' lang='lat' dir='ltr'><strong>als</strong></span> <span class='ocrx_word' id='word_1_392' title='bbox 1748 2490 1950 2542; x_wconf 90' lang='lat' dir='ltr'><strong>Redner</strong></span> <span class='ocrx_word' id='word_1_393' title='bbox 1984 2492 2087 2542; x_wconf 86' lang='lat' dir='ltr'><strong>und</strong></span> <span class='ocrx_word' id='word_1_394' title='bbox 2125 2492 2403 2557; x_wconf 82' lang='lat' dir='ltr'><strong>Rechtsge·</strong></span> 
     </span>
     <span class='ocr_line' id='line_1_67' title="bbox 1375 2557 2402 2625; baseline -0.001 -14"><span class='ocrx_word' id='word_1_395' title='bbox 1375 2561 1566 2612; x_wconf 83' lang='lat' dir='ltr'><strong>lehrter</strong></span> <span class='ocrx_word' id='word_1_396' title='bbox 1609 2558 2006 2625; x_wconf 78' lang='lat' dir='ltr'><strong>ausgezeichnet</strong></span> <span class='ocrx_word' id='word_1_397' title='bbox 2052 2559 2155 2610; x_wconf 89' lang='lat' dir='ltr'><strong>und</strong></span> <span class='ocrx_word' id='word_1_398' title='bbox 2202 2557 2402 2623; x_wconf 75' lang='lat' dir='ltr'><strong>Gegner</strong></span> 
     </span>
     <span class='ocr_line' id='line_1_68' title="bbox 1376 2626 2402 2693; baseline -0.001 -12"><span class='ocrx_word' id='word_1_399' title='bbox 1376 2629 1467 2681; x_wconf 90' lang='lat' dir='ltr'><strong>der</strong></span> <span class='ocrx_word' id='word_1_400' title='bbox 1482 2628 1793 2692; x_wconf 79' lang='lat' dir='ltr'><strong>Zerstorung</strong></span> <span class='ocrx_word' id='word_1_401' title='bbox 1810 2626 2113 2693; x_wconf 77' lang='lat' dir='ltr'><strong>Karthagos,</strong></span> <span class='ocrx_word' id='word_1_402' title='bbox 2138 2627 2271 2678; x_wconf 79' lang='lat' dir='ltr'><strong>hiets</strong></span> <span class='ocrx_word' id='word_1_403' title='bbox 2290 2627 2402 2680; x_wconf 84' lang='lat' dir='ltr'><strong>also</strong></span> 
     </span>
     <span class='ocr_line' id='line_1_69' title="bbox 1375 2694 2401 2762; baseline -0.001 -14"><span class='ocrx_word' id='word_1_404' title='bbox 1375 2711 1560 2762; x_wconf 79' lang='lat' dir='ltr'><strong>wegen</strong></span> <span class='ocrx_word' id='word_1_405' title='bbox 1605 2696 1775 2747; x_wconf 89' lang='lat' dir='ltr'><strong>seiner</strong></span> <span class='ocrx_word' id='word_1_406' title='bbox 1818 2694 2062 2761; x_wconf 81' lang='lat' dir='ltr'><strong>Klugheit</strong></span> <span class='ocrx_word' id='word_1_407' title='bbox 2102 2696 2401 2748; x_wconf 82' lang='lat' dir='ltr'><strong>Corculum.</strong></span> 
     </span>
     <span class='ocr_line' id='line_1_70' title="bbox 1377 2764 2145 2817; baseline -0.004 0"><span class='ocrx_word' id='word_1_408' title='bbox 1377 2764 1447 2817; x_wconf 93' lang='lat' dir='ltr'><strong>So</strong></span> <span class='ocrx_word' id='word_1_409' title='bbox 1485 2764 1617 2817; x_wconf 84' lang='lat' dir='ltr'><strong>auch</strong></span> <span class='ocrx_word' id='word_1_410' title='bbox 1654 2764 1909 2816; x_wconf 73' lang='lat' dir='ltr'><strong>cordatus</strong></span> <span class='ocrx_word' id='word_1_411' title='bbox 1942 2764 2145 2815; x_wconf 71' lang='lat' dir='ltr'><strong>Aelius.</strong></span> 
     </span>
    </p>

    <p class='ocr_par' dir='ltr' id='par_1_21' title="bbox 1376 2831 2405 3377">
     <span class='ocr_line' id='line_1_71' title="bbox 1433 2831 2402 2897; baseline -0.005 -9"><span class='ocrx_word' id='word_1_412' title='bbox 1433 2835 1513 2888; x_wconf 85' lang='lat'><strong>12.</strong></span> <span class='ocrx_word' id='word_1_413' title='bbox 1532 2833 1718 2884; x_wconf 71' lang='lat' dir='ltr'><strong>Aelius</strong></span> <span class='ocrx_word' id='word_1_414' title='bbox 1730 2831 1944 2887; x_wconf 71' lang='lat' dir='ltr'><strong>Sextus.</strong></span> <span class='ocrx_word' id='word_1_415' title='bbox 1966 2831 2017 2884; x_wconf 93' lang='lat' dir='ltr'><strong>S.</strong></span> <span class='ocrx_word' id='word_1_416' title='bbox 2028 2833 2208 2884; x_wconf 85' lang='lat' dir='ltr'><strong>Aelius</strong></span> <span class='ocrx_word' id='word_1_417' title='bbox 2226 2831 2402 2897; x_wconf 66' lang='lat' dir='ltr'><strong>Fatue,</strong></span> 
     </span>
     <span class='ocr_line' id='line_1_72' title="bbox 1380 2899 2403 2962; baseline -0.002 -8"><span class='ocrx_word' id='word_1_418' title='bbox 1380 2904 1479 2955; x_wconf 85' lang='lat'><strong>198</strong></span> <span class='ocrx_word' id='word_1_419' title='bbox 1503 2917 1555 2955; x_wconf 79' lang='lat' dir='ltr'><strong>V.</strong></span> <span class='ocrx_word' id='word_1_420' title='bbox 1575 2902 1689 2955; x_wconf 85' lang='lat' dir='ltr'><strong>Chr.</strong></span> <span class='ocrx_word' id='word_1_421' title='bbox 1714 2899 1911 2953; x_wconf 88' lang='lat' dir='ltr'><strong>Konsnl</strong></span> <span class='ocrx_word' id='word_1_422' title='bbox 1936 2902 2028 2952; x_wconf 87' lang='lat' dir='ltr'><strong>mit</strong></span> <span class='ocrx_word' id='word_1_423' title='bbox 2054 2900 2113 2952; x_wconf 89' lang='grc' dir='ltr'><strong>Τ.</strong></span> <span class='ocrx_word' id='word_1_424' title='bbox 2134 2900 2403 2962; x_wconf 81' lang='lat' dir='ltr'><strong>Quinctius</strong></span> 
     </span>
     <span class='ocr_line' id='line_1_73' title="bbox 1376 2967 2402 3036; baseline -0.003 -14"><span class='ocrx_word' id='word_1_425' title='bbox 1376 2970 1675 3032; x_wconf 78' lang='lat' dir='ltr'><strong>Flaminiae,</strong></span> <span class='ocrx_word' id='word_1_426' title='bbox 1695 2967 2145 3036; x_wconf 76' lang='lat' dir='ltr'><strong>Rechtsgelehrter</strong></span> <span class='ocrx_word' id='word_1_427' title='bbox 2163 2984 2213 3020; x_wconf 91' lang='lat' dir='ltr'><strong>u.</strong></span> <span class='ocrx_word' id='word_1_428' title='bbox 2228 2970 2402 3033; x_wconf 81' lang='lat' dir='ltr'><strong>jurist.</strong></span> 
     </span>
     <span class='ocr_line' id='line_1_74' title="bbox 1379 3036 2403 3090; baseline -0.003 0"><span class='ocrx_word' id='word_1_429' title='bbox 1379 3037 1767 3090; x_wconf 78' lang='lat' dir='ltr'><strong>Schriftsteller.</strong></span> <span class='ocrx_word' id='word_1_430' title='bbox 1801 3066 1872 3075; x_wconf 89' lang='lat'>—</span> <span class='ocrx_word' id='word_1_431' title='bbox 1908 3037 2006 3089; x_wconf 87' lang='lat' dir='ltr'><strong>Der</strong></span> <span class='ocrx_word' id='word_1_432' title='bbox 2039 3036 2171 3088; x_wconf 86' lang='lat' dir='ltr'><strong>Vers</strong></span> <span class='ocrx_word' id='word_1_433' title='bbox 2205 3038 2275 3088; x_wconf 88' lang='lat' dir='ltr'><strong>ist</strong></span> <span class='ocrx_word' id='word_1_434' title='bbox 2310 3051 2403 3088; x_wconf 86' lang='lat' dir='ltr'><strong>aus</strong></span> 
     </span>
     <span class='ocr_line' id='line_1_75' title="bbox 1377 3103 2403 3170; baseline 0.001 -13"><span class='ocrx_word' id='word_1_435' title='bbox 1377 3105 1589 3158; x_wconf 88' lang='lat' dir='ltr'><strong>Ennius’</strong></span> <span class='ocrx_word' id='word_1_436' title='bbox 1625 3105 1859 3157; x_wconf 88' lang='lat' dir='ltr'><strong>Annalen</strong></span> <span class='ocrx_word' id='word_1_437' title='bbox 1894 3105 2005 3168; x_wconf 89' lang='lat' dir='ltr'><strong>(lib.</strong></span> <span class='ocrx_word' id='word_1_438' title='bbox 2035 3104 2099 3157; x_wconf 88' lang='lat' dir='ltr'><strong>X.</strong></span> <span class='ocrx_word' id='word_1_439' title='bbox 2135 3103 2334 3170; x_wconf 79' lang='lat' dir='ltr'><strong>Fragm.</strong></span> <span class='ocrx_word' id='word_1_440' title='bbox 2371 3107 2403 3158; x_wconf 81' lang='lat'><strong>3</strong></span> 
     </span>
     <span class='ocr_line' id='line_1_76' title="bbox 1378 3173 2402 3238; baseline -0.003 -12"><span class='ocrx_word' id='word_1_441' title='bbox 1378 3175 1465 3226; x_wconf 86' lang='lat' dir='ltr'><strong>bei</strong></span> <span class='ocrx_word' id='word_1_442' title='bbox 1480 3173 1698 3238; x_wconf 85' lang='lat' dir='ltr'><strong>Vahlen)</strong></span> <span class='ocrx_word' id='word_1_443' title='bbox 1734 3174 1838 3226; x_wconf 90' lang='lat' dir='ltr'><strong>und</strong></span> <span class='ocrx_word' id='word_1_444' title='bbox 1864 3174 1992 3225; x_wconf 83' lang='lat' dir='ltr'><strong>wird</strong></span> <span class='ocrx_word' id='word_1_445' title='bbox 2016 3174 2148 3225; x_wconf 87' lang='lat' dir='ltr'><strong>auch</strong></span> <span class='ocrx_word' id='word_1_446' title='bbox 2187 3173 2250 3225; x_wconf 89' lang='lat' dir='ltr'><strong>de</strong></span> <span class='ocrx_word' id='word_1_447' title='bbox 2275 3180 2402 3224; x_wconf 82' lang='lat' dir='ltr'><strong>orat.</strong></span> 
     </span>
     <span class='ocr_line' id='line_1_77' title="bbox 1378 3240 2405 3307; baseline -0.005 -12"><span class='ocrx_word' id='word_1_448' title='bbox 1378 3243 1416 3296; x_wconf 88' lang='lat'><strong>1.</strong></span> <span class='ocrx_word' id='word_1_449' title='bbox 1440 3245 1525 3305; x_wconf 83' lang='lat'><strong>45,</strong></span> <span class='ocrx_word' id='word_1_450' title='bbox 1555 3243 1650 3295; x_wconf 91' lang='grc'><strong>198</strong></span> <span class='ocrx_word' id='word_1_451' title='bbox 1688 3242 1872 3295; x_wconf 81' lang='lat' dir='ltr'><strong>citiert.</strong></span> <span class='ocrx_word' id='word_1_452' title='bbox 1918 3241 2037 3307; x_wconf 81' lang='lat' dir='ltr'><strong>Vgl.</strong></span> <span class='ocrx_word' id='word_1_453' title='bbox 2063 3240 2304 3306; x_wconf 83' lang='lat' dir='ltr'><strong>iibrigens</strong></span> <span class='ocrx_word' id='word_1_454' title='bbox 2341 3253 2405 3291; x_wconf 86' lang='lat' dir='ltr'><strong>zu</strong></span> 
     </span>
     <span class='ocr_line' id='line_1_78' title="bbox 1381 3310 1865 3377; baseline -0.006 -12"><span class='ocrx_word' id='word_1_455' title='bbox 1381 3316 1431 3376; x_wconf 83' lang='lat'><strong>5,</strong></span> <span class='ocrx_word' id='word_1_456' title='bbox 1459 3315 1547 3363; x_wconf 87' lang='lat'><strong>10:</strong></span> <span class='ocrx_word' id='word_1_457' title='bbox 1588 3310 1865 3377; x_wconf 70' lang='lat' dir='ltr'><strong>Sisyphus.</strong></span> 
     </span>
    </p>

    <p class='ocr_par' dir='ltr' id='par_1_22' title="bbox 1452 3375 2405 3444">
     <span class='ocr_line' id='line_1_79' title="bbox 1452 3375 2405 3444; baseline -0.002 -15"><span class='ocrx_word' id='word_1_458' title='bbox 1452 3383 1533 3435; x_wconf 84' lang='grc'><strong>13.</strong></span> <span class='ocrx_word' id='word_1_459' title='bbox 1570 3379 1913 3444; x_wconf 74' lang='lat' dir='ltr'><strong>Empedocles</strong></span> <span class='ocrx_word' id='word_1_460' title='bbox 1981 3391 2074 3429; x_wconf 82' lang='lat' dir='ltr'><strong>aus</strong></span> <span class='ocrx_word' id='word_1_461' title='bbox 2139 3375 2405 3443; x_wconf 79' lang='lat' dir='ltr'><strong>Agrigent‚</strong></span> 
     </span>
    </p>
   </div>
   <div class='ocr_carea' id='block_1_13' title="bbox 1357 3447 2406 3503">
    <p class='ocr_par' dir='ltr' id='par_1_23' title="bbox 1357 3447 2406 3503">
     <span class='ocr_line' id='line_1_80' title="bbox 1357 3447 2406 3503; baseline -0.006 -1"><span class='ocrx_word' id='word_1_462' title='bbox 1357 3447 1811 3503; x_wconf 68' lang='lat' dir='ltr'><strong>‚wahrscheinlich</strong></span> <span class='ocrx_word' id='word_1_463' title='bbox 1854 3461 1958 3497; x_wconf 84' lang='lat' dir='ltr'><strong>von</strong></span> <span class='ocrx_word' id='word_1_464' title='bbox 2002 3447 2275 3498; x_wconf 83' lang='lat'>492-432</span> <span class='ocrx_word' id='word_1_465' title='bbox 2311 3461 2406 3497; x_wconf 84' lang='lat' dir='ltr'><strong>vor</strong></span> 
     </span>
    </p>
   </div>
   <div class='ocr_carea' id='block_1_14' title="bbox 1377 3512 2410 3922">
    <p class='ocr_par' dir='ltr' id='par_1_24' title="bbox 1377 3512 2410 3922">
     <span class='ocr_line' id='line_1_81' title="bbox 1381 3512 2406 3580; baseline -0.002 -13"><span class='ocrx_word' id='word_1_466' title='bbox 1381 3516 1497 3569; x_wconf 87' lang='lat' dir='ltr'><strong>Chr.</strong></span> <span class='ocrx_word' id='word_1_467' title='bbox 1534 3515 1593 3568; x_wconf 86' lang='lat' dir='ltr'><strong>G.</strong></span> <span class='ocrx_word' id='word_1_468' title='bbox 1662 3514 1775 3567; x_wconf 84' lang='lat' dir='ltr'><strong>Von</strong></span> <span class='ocrx_word' id='word_1_469' title='bbox 1824 3515 2018 3566; x_wconf 87' lang='lat' dir='ltr'><strong>seinem</strong></span> <span class='ocrx_word' id='word_1_470' title='bbox 2064 3512 2406 3580; x_wconf 82' lang='lat' dir='ltr'><strong>Lehrgedicht</strong></span> 
     </span>
     <span class='ocr_line' id='line_1_82' title="bbox 1381 3581 2405 3653; baseline -0.002 -18"><span class='ocrx_word' id='word_1_471' title='bbox 1381 3588 1509 3653; x_wconf 79' lang='grc' dir='ltr'><strong><em>περὶ</em></strong></span> <span class='ocrx_word' id='word_1_472' title='bbox 1545 3587 1758 3653; x_wconf 71' lang='grc' dir='ltr'><strong><em>φύσεως</em></strong></span> <span class='ocrx_word' id='word_1_473' title='bbox 1790 3583 1861 3645; x_wconf 84' lang='lat' dir='ltr'><strong>(in</strong></span> <span class='ocrx_word' id='word_1_474' title='bbox 1889 3584 1919 3634; x_wconf 88' lang='grc'><strong>3</strong></span> <span class='ocrx_word' id='word_1_475' title='bbox 1942 3581 2203 3644; x_wconf 73' lang='lat' dir='ltr'><strong>Buchern)</strong></span> <span class='ocrx_word' id='word_1_476' title='bbox 2237 3582 2405 3634; x_wconf 81' lang='lat' dir='ltr'><strong>haben</strong></span> 
     </span>
     <span class='ocr_line' id='line_1_83' title="bbox 1383 3648 2405 3704; baseline 0 -1"><span class='ocrx_word' id='word_1_477' title='bbox 1383 3653 1481 3703; x_wconf 82' lang='lat' dir='ltr'><strong>wir</strong></span> <span class='ocrx_word' id='word_1_478' title='bbox 1514 3653 1649 3704; x_wconf 87' lang='lat' dir='ltr'><strong>noch</strong></span> <span class='ocrx_word' id='word_1_479' title='bbox 1686 3649 2008 3704; x_wconf 86' lang='lat' dir='ltr'><strong>bedentende</strong></span> <span class='ocrx_word' id='word_1_480' title='bbox 2033 3648 2405 3703; x_wconf 76' lang='lat' dir='ltr'><strong>Bruchstficke.</strong></span> 
     </span>
     <span class='ocr_line' id='line_1_84' title="bbox 1383 3717 2406 3789; baseline -0.005 -16"><span class='ocrx_word' id='word_1_481' title='bbox 1383 3720 1535 3773; x_wconf 78' lang='lat' dir='ltr'><strong>Scine</strong></span> <span class='ocrx_word' id='word_1_482' title='bbox 1580 3719 1785 3771; x_wconf 87' lang='lat' dir='ltr'><strong>Worte:</strong></span> <span class='ocrx_word' id='word_1_483' title='bbox 1834 3719 1988 3785; x_wconf 78' lang='grc' dir='ltr'><em>Αἷμα</em></span> <span class='ocrx_word' id='word_1_484' title='bbox 2028 3721 2132 3789; x_wconf 74' lang='grc' dir='ltr'><strong>γὰρ</strong></span> <span class='ocrx_word' id='word_1_485' title='bbox 2179 3717 2406 3787; x_wconf 74' lang='grc' dir='ltr'><strong><em>ἀνθρώ·</em></strong></span> 
     </span>
     <span class='ocr_line' id='line_1_85' title="bbox 1383 3782 2403 3857; baseline -0.004 -17"><span class='ocrx_word' id='word_1_486' title='bbox 1383 3804 1511 3840; x_wconf 69' lang='grc' dir='ltr'><strong>ποις</strong></span> <span class='ocrx_word' id='word_1_487' title='bbox 1547 3782 1906 3857; x_wconf 76' lang='grc' dir='ltr'><strong>περικάρὸιόν</strong></span> <span class='ocrx_word' id='word_1_488' title='bbox 1931 3791 2048 3838; x_wconf 78' lang='grc' dir='ltr'><strong>ἐστι</strong></span> <span class='ocrx_word' id='word_1_489' title='bbox 2070 3790 2253 3852; x_wconf 79' lang='grc' dir='ltr'><strong><em>νόημα</em></strong></span> <span class='ocrx_word' id='word_1_490' title='bbox 2287 3785 2403 3837; x_wconf 89' lang='lat' dir='ltr'><strong>sind</strong></span> 
     </span>
     <span class='ocr_line' id='line_1_86' title="bbox 1377 3853 2410 3922; baseline -0.007 -14"><span class='ocrx_word' id='word_1_491' title='bbox 1377 3857 1569 3922; x_wconf 86' lang='lat' dir='ltr'><strong>jedoch</strong></span> <span class='ocrx_word' id='word_1_492' title='bbox 1607 3870 1666 3907; x_wconf 89' lang='lat' dir='ltr'><strong>so</strong></span> <span class='ocrx_word' id='word_1_493' title='bbox 1704 3871 1766 3906; x_wconf 87' lang='lat' dir='ltr'><strong>zu</strong></span> <span class='ocrx_word' id='word_1_494' title='bbox 1791 3855 2082 3918; x_wconf 83' lang='lat' dir='ltr'><strong>verstehen,</strong></span> <span class='ocrx_word' id='word_1_495' title='bbox 2119 3853 2232 3904; x_wconf 82' lang='lat' dir='ltr'><strong>dass</strong></span> <span class='ocrx_word' id='word_1_496' title='bbox 2258 3853 2410 3904; x_wconf 81' lang='lat' dir='ltr'><strong>erim</strong></span> 
     </span>
    </p>
   </div>
   <div class='ocr_carea' id='block_1_15' title="bbox 2523 1115 2600 1175">
    <p class='ocr_par' dir='ltr' id='par_1_25' title="bbox 2523 1115 2600 1175">
     <span class='ocr_line' id='line_1_87' title="bbox 2523 1115 2600 1175; baseline 0 -39"><span class='ocrx_word' id='word_1_497' title='bbox 2523 1115 2600 1175; x_wconf 47' lang='lat' dir='ltr'><strong>V.</strong></span> 
     </span>
    </p>
   </div>
  </div>
 </body>
</html>
