2834 4317
336 692 393 743 71

447 174 527 230 ‘74
1205 172 1392 225 ussER
1429 173 1464 224 1.
1502 175 1585 237 29,
1624 176 1704 224 το.
1743 176 1990 232 nx&

442 347 502 407 in
538 355 595 407 te
628 355 734 407 est.
794 347 960 417 Quae
991 356 1082 407 est
1112 346 1165 407 ei
1198 342 1455 407 natura?
1514 345 1781 425 Propria,
1828 351 1995 424 puto,
2043 352 2102 403 et
2144 362 2269 407 sua.
2348 345 2465 407 Sed
2511 347 2601 408 fac

442 431 696 509 igneam,
727 432 821 492 fac
850 430 1225 512 spirabilem;
1271 431 1418 492 nihil
1450 430 1520 492 ad
1552 429 1629 504 id,
1676 431 1748 491 de
1782 447 1900 507 quo
1933 428 2177 508 agimuS.
2241 430 2391 492 Illud
2422 432 2600 492 modo

440 517 649 590 videto,
702 525 769 577 ut
797 518 971 578 deum
1005 518 1189 591 noris,
1229 517 1336 577 etsi
1369 516 1497 577 eius
1526 516 1767 595 ignores
1796 524 1857 576 et
1885 514 2084 575 locum
2132 524 2193 576 et
2234 515 2468 590 faciem,
2514 517 2600 578 sic

442 602 702 662 animum
734 601 842 663 tibi
865 611 1033 664 tuum
1061 612 1269 663 notum
1290 620 1419 662 esse
1445 606 1746 680 oportere,
1778 600 1955 661 etiam
1980 600 2030 661 si
2052 600 2293 679 ignores
2316 611 2375 661 et
2399 601 2596 663 locum

441 696 502 748 et
531 688 798 748 formam.
860 687 926 749 ln
972 688 1151 749 animi
1195 696 1392 749 autem
1422 685 1765 765 cognitione
1796 684 2066 746 dubitare
2109 705 2228 746 non
2264 705 2599 766 possumuS‚

443 772 554 833 nisi
586 772 762 850 plane
805 773 865 834 in
912 772 1172 854 physicis
1201 772 1466 853 plumbei
1498 789 1722 846 sumus,
1768 770 1911 850 quin
1957 770 2103 831 nihil
2145 772 2223 832 sit
2250 772 2466 833 animis
2496 772 2600 833 ad-

440 859 709 932 mixtum,
741 858 890 919 nihil
920 867 1290 933 concretum,
1324 857 1472 918 nihil
1515 857 1876 935 copulatum,
1923 855 2071 916 nihil
2100 857 2606 936 coagmentatum,

441 942 591 1003 nihil
622 944 856 1022 duplex.
917 943 1090 1014 Quod
1121 961 1259 1005 cum
1289 943 1368 1003 ita
1397 943 1492 1017 sit,
1525 950 1686 1004 certe
1717 960 1831 1003 nec
1861 942 2096 1002 secerni
2130 960 2242 1002 nec
2271 941 2447 1003 dividi
2482 961 2598 1004 nec

442 1027 695 1108 discerpi
729 1046 840 1089 nec
869 1028 1111 1090 distrahi
1140 1037 1353 1108 potest,
1387 1047 1464 1089 ne
1495 1027 1741 1089 interire
1773 1025 2010 1104 quidem
2041 1026 2239 1104 igitur.
2299 1027 2406 1089 Est
2437 1029 2599 1089 enim

442 1113 717 1175 interitus
747 1114 915 1193 quasi
938 1114 1232 1176 discessus
1263 1122 1323 1175 et
1349 1114 1604 1175 secretio
1627 1130 1697 1173 ac
1726 1112 2059 1191 diremptus
2083 1130 2289 1174 earum
2314 1113 2596 1193 partium,

441 1216 593 1276 quae
621 1208 760 1261 ante
790 1198 1099 1261 interitum
1128 1199 1438 1261 iunctione
1469 1198 1663 1277 aliqua
1693 1196 2069 1259 tenebantur.

608 1284 715 1347 His
758 1292 818 1347 et
861 1285 1077 1348 talibus
1120 1284 1453 1347 rationibus
1492 1284 1776 1345 adductus
1806 1283 2080 1344 Socrates
2120 1290 2596 1362 nec-patronum

439 1370 724 1451 quaesivit
753 1370 823 1431 ad
855 1370 1138 1434 iudicium
1172 1371 1379 1451 capitis
1412 1388 1526 1431 nec
1554 1368 1849 1430 iudicibus
1877 1369 2127 1449 supplex
2157 1367 2270 1429 fuit
2296 1367 2594 1429 adhibuit-

440 1474 554 1535 que
597 1455 845 1516 liberam
888 1457 1321 1519 contumaciam
1367 1474 1400 1516 a
1444 1454 1853 1534 magnitudine
1896 1453 2077 1515 animi
2107 1454 2371 1528 ductam,
2404 1472 2528 1515 non
2562 1472 2596 1515 a

437 1540 748 1621 superbia,
794 1549 853 1600 et
899 1560 1180 1620 supremo
1222 1541 1373 1601 vitae
1403 1541 1498 1601 die
1529 1540 1603 1601 de
1645 1540 1760 1600 hoc
1802 1540 1933 1618 ipso
1975 1540 2158 1601 multa
2203 1538 2498 1612 disseruit,
2534 1549 2597 1600 et

437 1624 641 1705 paucis
668 1634 807 1687 ante
850 1624 1077 1699 diebus,
1111 1644 1244 1687 cum
1278 1625 1447 1686 facile
1476 1633 1676 1703 posset
1706 1624 1876 1686 educi
1899 1633 1958 1685 et
1980 1623 2264 1697 custodia,
2298 1624 2506 1697 noluit,
2537 1634 2599 1685 et

434 1721 562 1771 tum
593 1728 784 1789 paene
815 1709 878 1770 in
909 1728 1091 1771 manu
1122 1711 1237 1771 iam
1267 1710 1641 1771 mortiferum
1684 1708 1829 1769 illud
1860 1718 2074 1772 tenens
2115 1709 2400 1789 poculum
2426 1709 2596 1770 locu-

436 1803 531 1856 tus
560 1795 639 1855 ita
668 1804 776 1871 est,
807 1801 875 1855 ut
903 1814 1025 1856 non
1073 1796 1145 1856 ad
1175 1803 1433 1856 mortem
1461 1793 1653 1869 trudi,
1697 1811 1904 1855 verum
1946 1795 2009 1857 in
2042 1797 2271 1857 caelum
2300 1795 2598 1857 videretur

1565 2012 1771 2079 aliquo,
1787 2038 1853 2049 —
1873 2010 2006 2075 quid
2021 2010 2235 2063 dubitat
2249 2027 2453 2078 negare
2469 2012 2598 2063 deos

1564 2082 1717 2202 cuflt.
1753 2147 2047 2209 iunctione,
2082 2161 2126 2198 s·
2153 2145 2201 2199 d.
2228 2145 2346 2199 krit.
2371 2147 2506 2200 Anh.

1637 2218 1715 2269 12.
1753 2216 1851 2266 His
1886 2219 1941 2265 et
1973 2214 2188 2278 talibus,
2228 2214 2327 2265 wie
2353 2217 2436 2278 48,
2468 2219 2597 2277 116;

508 2015 555 2064 1.
585 2013 815 2077 propria
838 2018 891 2062 et
911 2027 1011 2063 cua
1038 2011 1107 2063 ist
1143 2012 1284 2064 nicht
1319 2012 1464 2065 iden-

436 2080 596 2140 tisch3
646 2079 779 2131 deun
824 2079 992 2133 dieses
1028 2080 1333 2133 bezeichnet
1367 2096 1464 2132 nur

434 2146 532 2199 den
569 2147 736 2200 sesten
766 2147 872 2200 und
896 2149 1340 2201 unbestreitbaren
1363 2147 1462 2201 Be-

435 2216 533 2268 sitz
557 2214 867 2281 (Gegensatz
906 2218 1150 2281 alienus),
1179 2218 1332 2282 jenes
1368 2217 1461 2269 das

433 2283 876 2337 ausschliessliche
913 2284 1017 2337 und
1053 2283 1212 2336 daher
1247 2284 1460 2337 chal-ak·

336 2355 355 2372 “
432 2351 654 2405 terische
676 2352 965 2415 Eigentum.
989 2352 1297 2419 (Gegensatz
1320 2369 1463 2405 eom-

431 2422 644 2486 munis).
716 2420 837 2487 vgl.
860 2424 946 2485 45,
974 2423 1098 2481 109;
1137 2421 1200 2473 V.
1226 2425 1274 2486 7,
1304 2425 1382 2475 19.

502 2491 552 2543 3.
590 2490 764 2541 videto
799 2489 1010 2542 behalte
1043 2491 1114 2541 im
1150 2490 1315 2556 Ange.

499 2560 552 2611 4.
596 2560 697 2608 tibi
735 2563 903 2610 tuum.
939 2557 1258 2624 vgl.19‚43:
1295 2574 1466 2625 eaque

433 2629 484 2677 ei
517 2625 622 2677 und
657 2628 743 2690 30,
770 2629 858 2679 74:
893 2628 1023 2679 ltine
1055 2643 1154 2678 nos
1187 2642 1303 2679 suo.

502 2697 550 2745 5.
585 2696 647 2744 in
695 2697 1027 2759 cognitione:
1082 2710 1235 2747 wenn
1270 2710 1327 2747 es
1352 2694 1464 2747 sich

431 2776 517 2812 um
589 2759 673 2812 die
741 2761 1088 2828 Erforschung
1157 2763 1247 2815 der
1312 2762 1463 2815 Seele

431 2827 670 2890 handelt3
706 2829 812 2894 vgl.
840 2831 923 2894 36,
950 2831 1039 2882 88:
1088 2835 1149 2881 in
1182 2835 1370 2883 morte.

502 2897 552 2948 6.
604 2897 846 2961 plumbei
906 2897 1288 2964 stumpfsinnig.
1361 2897 1462 2950 Das

430 2963 549 3015 Bild
592 2963 663 3015 ist
705 2979 810 3015 von
847 2964 1012 3016 einem
1054 2965 1333 3031 plumbeus
1360 2982 1461 3033 pu-

425 3036 525 3098 gio
576 3031 700 3083 oder
750 3033 976 3096 gladius
1034 3033 1459 3100 hergenommen3

433 3114 500 3219 s.6
514 3098 578 3220 ᾶὲ
614 3099 705 3153 fin.
740 3099 824 3152 IV.
854 3102 933 3165 18,
959 3103 1025 3155 48
1059 3101 1164 3154 und
1189 3102 1253 3154 ad
1277 3102 1385 3154 Att.
1416 3105 1463 3154 1.

437 3172 463 3222 1
502 3206 519 3232 ,
542 3177 556 3191 ·
577 3205 592 3221 .

502 3239 549 3289 9.
575 3238 752 3300 igitur
791 3235 868 3287 als
892 3239 940 3290 4.
955 3236 1103 3289 Wort
1137 3236 1252 3289 ‹larl'
1272 3236 1460 3290 keinen

432 3305 646 3357 Austoss
691 3303 884 3369 geben3
928 3304 1034 3371 vgl.
1071 3321 1115 3358 z.
1137 3304 1198 3357 B.
1239 3308 1328 3370 14,
1365 3308 1456 3359 32:

434 3390 571 3438 quae
591 3378 671 3423 est
693 3373 884 3424 melior
906 3375 1114 3438 igitur-3
1153 3375 1238 3438 34,
1263 3375 1355 3426 82:
1390 3390 1461 3425 ne

432 3445 494 3492 in
530 3445 710 3492 animo
735 3442 949 3507 quidem
971 3444 1147 3507 igitur
1167 3457 1354 3492 sensus
1375 3457 1459 3492 re·

431 3515 629 3574 manet,
664 3510 766 3560 und
792 3512 875 3574 36,
900 3511 992 3563 88:
1026 3526 1096 3561 ne
1130 3526 1317 3561 carere
1341 3513 1460 3575 qui-

434 3576 552 3627 dem
587 3578 766 3641 igitur
799 3581 859 3628 in
893 3584 1106 3629 mortuo
1141 3582 1233 3629 est.

505 3647 585 3700 10.
621 3648 848 3696 secretio
872 3661 939 3696 ae
962 3646 1269 3712 diremptus,
1294 3646 1459 3713 passi·

430 3712 577 3764 visch
601 3712 900 3777 gebraucht,
925 3714 1026 3765 wie
1061 3718 1208 3765 visus
1230 3714 1292 3766 de
1318 3714 1458 3767 deor.

432 3796 482 3833 n.
506 3779 542 3836 1.
572 3783 654 3846 30,
679 3782 745 3834 85
764 3780 1044 3848 (Schom.):
1079 3782 1141 3836 Si
1163 3785 1339 3849 igitur
1361 3797 1459 3833 nec

432 3849 665 3901 humano
699 3853 819 3902 visu
862 3851 972 3916 (dei
1004 3855 1173 3918 sunt),
1222 3868 1322 3903 neo
1356 3852 1460 3903 tali

1563 2300 1661 2336 nee
1698 2288 1996 2350 patronum
2031 2285 2323 2348 quaesivit:
2370 2298 2425 2335 er
2462 2284 2597 2336 wies

1564 2366 1717 2419 sogal·
1762 2351 1847 2403 die
1892 2351 1996 2402 ihm
2034 2352 2358 2416 angebotene
2394 2350 2596 2404 Vertei-

1567 2419 1911 2486 digungsrede
1948 2419 2039 2470 des
2073 2419 2255 2486 Lysias
2289 2418 2495 2471 zurilck.

1641 2492 1719 2542 13.
1750 2488 2118 2552 adhibuitque.
2152 2486 2298 2538 Nach
2321 2488 2462 2538 einer
2485 2486 2596 2540 Ne·

1568 2557 1744 2623 gation
1768 2556 1908 2607 suhi-t
1932 2554 2021 2607 der
2045 2554 2295 2618 Lateiner,
2331 2555 2440 2608 hee.
2466 2555 2594 2620 Cic„

1568 2625 1668 2677 den
1693 2623 1981 2689 Gegensatz
2015 2622 2091 2675 ost
2126 2624 2219 2674 mit
2253 2622 2596 2690 kopulativen

1566 2692 1831 2745 Partikeln
1857 2692 1957 2754 ein,
1980 2706 2063 2742 wo
2092 2692 2183 2742 wir
2205 2692 2276 2743 im
2301 2690 2595 2744 Deutschen

1567 2760 1889 2813 adversative
1923 2775 1986 2811 zu
2012 2764 2186 2812 setzen
2212 2759 2434 2826 pflegen.
2472 2758 2592 2826 vgl.

1564 2830 1622 2882 ΙΙ.
1644 2830 1778 2893 6,16
1817 2830 2166 2894 oppositoque
2187 2829 2468 2889 dedecore3
2505 2829 2593 2892 18,

1564 2900 1631 2951 42
1667 2895 1916 2962 falsaque
1938 2925 2004 2934 —
2030 2896 2175 2957 dioo;
2213 2894 2394 2959 111.3‚6
2422 2898 2592 2947 omni-

1566 2968 1787 3031 busque3
1831 2963 1887 3016 V.
1919 2967 1998 3028 10,
2023 2967 2088 3018 30
2126 2966 2426 3029 omniaque.

1636 3037 1718 3086 14.
1746 3035 1967 3086 liberam
1986 3036 2402 3097 contumaciam,
2438 3030 2593 3084 einen

1564 3101 1715 3154 edlen
1774 3099 1947 3152 Trotz.
2035 3099 2104 3152 So
2163 3099 2376 3161 Quintil.
2427 3098 2483 3153 11.
2528 3103 2589 3152 42

1561 3169 1805 3222 Maxima
1842 3172 1921 3219 eet
1941 3172 2278 3220 innocentiae
2313 3172 2591 3218 contuma-

1563 3240 1666 3303 cia,
1700 3237 1806 3290 und
1840 3235 1965 3291 Tac.
1991 3236 2119 3288 nist.
2141 3235 2178 3290 1.
2198 3239 2256 3290 3:
2293 3241 2593 3288 contumax

1562 3308 1726 3357 etiam
1784 3305 2042 3357 adversus
2106 3309 2372 3355 tormenta
2426 3304 2587 3366 βάσις

1563 3378 1709 3426 sonst
1744 3373 1924 3425 immet
1959 3374 2010 3425 in
2045 3371 2230 3424 malam
2266 3377 2463 3438 partem
2499 3387 2590 3438 ge-

1561 3441 1793 3494 braucht.
1864 3441 1988 3493 Zum
2033 3440 2199 3493 Inhalt
2247 3441 2353 3507 vgl.
2399 3438 2464 3492 de
2511 3454 2589 3493 or.

1563 3511 1597 3561 l.
1636 3514 1720 3575 54,
1752 3511 1867 3564 231.

1633 3581 1716 3631 15.
1754 3577 1818 3628 de
1852 3579 1954 3628 boc
2000 3579 2146 3645 ipso,
2189 3576 2316 3628 iiber
2352 3575 2435 3628 die
2479 3573 2588 3626 Un-

1562 3644 1933 3698 sterblichkeit.

1635 3718 1716 3768 17.
1737 3717 1920 3764 tenens
1954 3713 2023 3764 ist
2048 3712 2345 3779 Epexegese
2364 3726 2426 3765 zu
2453 3715 2587 3773 tum,

1562 3782 1663 3834 wie
1697 3797 1750 3848 p.
1789 3781 1921 3834 Sest.
1960 3783 2042 3845 55,
2071 3783 2192 3835 118:
2239 3786 2351 3833 tum
2382 3783 2593 3846 petenti

1560 3853 1672 3901 iam
1706 3849 2048 3903 aedilitatem.

2647 698 2677 746 5

2649 1123 2711 1173 10

2648 1548 2717 1598 15
