2834 4317
476 187 554 247 86
1168 188 1359 241 ussa
1391 187 1476 245 w.
1515 191 1597 255 24,
1618 190 1700 244 54.
1738 192 1821 257 25,
1841 192 1923 244 55.

474 362 803 424 Carneades
847 360 1104 435 solebat,
1148 368 1349 423 metuo
1393 379 1472 422 ne
1513 360 1625 422 soli
1664 361 1998 441 philosophi
2043 362 2183 424 sint.
2256 361 2421 433 Quae
2466 363 2630 424 enim

471 448 716 510 istarum
746 447 1161 509 definitionum
1191 466 1315 508 non
1347 446 1538 526 aperit
1569 447 1872 508 nationem
1904 456 2166 509 nostram
2186 493 2202 519 ,
2237 466 2414 527 quam
2440 448 2630 509 habe-

471 552 603 595 mus
633 550 841 595 omnes
870 532 943 594 de
974 531 1324 594 fortitudine
1353 540 1572 593 tectam
1616 540 1792 612 atque
1834 529 2201 593 involutam?
2261 552 2379 612 qua
2423 544 2629 614 aperta

472 618 603 697 quis
647 627 739 680 est
782 617 885 697 qui
928 626 1029 679 aut
1069 616 1343 678 bellatori
1387 626 1489 678 aut
1541 617 1889 697 imperatori
1947 626 2047 679 aut
2103 619 2325 679 oratori
2382 629 2631 699 quaerat

469 703 689 782 aliquid
721 721 918 783 neque
962 722 1064 764 eos
1094 702 1407 764 existumet
1436 702 1567 764 sine
1597 702 1761 765 rabie
1808 703 2124 783 quicquam
2164 705 2399 766 fortiter
2426 706 2628 767 facere
2670 712 2702 762 5

365 800 424 851 54
466 785 687 870 posse?
747 785 947 859 Quid?
1006 787 1208 861 Stoici,
1241 787 1342 867 qui
1376 788 1570 850 omnis
1599 787 1935 868 insipientis
1964 789 2208 850 insanos
2238 808 2368 852 esse
2396 789 2625 864 dicunt,

468 891 673 935 nonne
703 873 812 935 ista
844 870 1196 950 conligunt?
1255 873 1511 935 Remove
1551 874 2029 953 perturbationes
2072 892 2466 955 maxumeque
2509 876 2626 936 ira-

469 957 778 1031 cundiam,
832 957 944 1019 iam
975 957 1336 1020 videbuntur
1380 967 1645 1021 monstra
1687 959 1901 1021 dicere.
1961 959 2135 1021 Nunc
2166 970 2364 1022 autem
2393 961 2475 1022 ita
2503 961 2628 1023 dis·-

469 1052 698 1118 serunt,
729 1043 813 1105 sic
843 1063 909 1105 se
940 1044 1134 1105 dicere
1168 1044 1363 1105 omnis
1391 1045 1604 1105 stultos
1633 1043 1927 1118 insanire,
1960 1054 2027 1106 ut
2052 1045 2204 1106 male
2241 1046 2401 1107 olere
2444 1065 2626 1107 omne

467 1147 735 1190 caenum.
812 1130 889 1189 At
932 1148 1056 1191 non
1100 1147 1353 1208 semper.
1431 1128 1777 1205 Commove,
1825 1128 2066 1192 senties».
2156 1130 2253 1192 Sic
2300 1131 2625 1193 iracundus
2672 1136 2726 1187 10

467 1234 589 1276 non
634 1232 872 1293 semper
915 1215 1098 1276 iratus
1141 1222 1258 1290 est;
1304 1214 1560 1284 lacesse,
1603 1215 1719 1276 iam
1760 1215 1982 1277 videbis
2025 1216 2343 1277 furentem.
2419 1214 2626 1287 Quid?

464 1299 571 1360 ista
602 1299 870 1361 bellatrix
899 1299 1221 1372 iracundia,
1254 1317 1393 1362 cum
1423 1300 1665 1361 domum
1690 1300 1881 1374 rediit,
1914 1300 2101 1381 qualis
2133 1310 2225 1363 est
2247 1321 2386 1363 cum
2412 1320 2622 1373 uxore,

464 1403 601 1446 cum
629 1384 860 1459 liberiS‚
907 1403 1044 1447 cum
1071 1383 1334 1445 familia?
1392 1404 1469 1446 an
1502 1392 1626 1447 tum
1660 1404 1899 1467 quoque
1930 1393 2021 1448 est
2046 1384 2251 1448 utilis?
2304 1387 2411 1448 Est
2439 1387 2625 1465 igitur

461 1470 678 1550 aliquid
697 1514 714 1545 ,
761 1472 922 1550 quod
950 1469 1296 1551 perturbata
1337 1489 1510 1532 mens
1538 1471 1749 1533 melius
1791 1472 1979 1551 possit
2018 1472 2215 1533 facere
2261 1490 2438 1552 quam
2470 1492 2622 1534 con·

461 1553 668 1618 stans?
747 1573 822 1616 an
869 1557 1180 1635 quisquam
1227 1561 1425 1635 potest
1468 1555 1597 1617 sine
1642 1557 2089 1636 perturbatione
2135 1558 2353 1619 mentis
2396 1555 2620 1620 irasci?
2670 1560 2725 1610 15

460 1640 624 1702 Bene
667 1641 848 1720 igitur
892 1641 1115 1715 nostri,
1162 1659 1298 1702 cum
1344 1641 1545 1702 omnia
1590 1650 1789 1703 essent
1831 1643 1893 1703 in
1940 1642 2197 1704 moribus
2237 1642 2408 1718 vitia,
2457 1644 2621 1723 quod

462 1726 692 1787 nullum
722 1734 848 1786 erat
877 1725 1182 1787 iracundia
1212 1726 1475 1801 foedius,
1518 1727 1836 1789 iracundos
1866 1727 2024 1790 solos
2052 1746 2307 1790 morosos
2340 1730 2621 1790 nomina-

458 1818 691 1872 verunt.

630 1895 944 1956 Oratorem
973 1913 1113 1956 vero
1143 1895 1316 1957 irasci
1346 1896 1592 1958 minime
1623 1897 1824 1974 decet,
1866 1897 2143 1960 simulare
2194 1917 2314 1959 non
2349 1899 2617 1962 dedecet.

356 1953 413 2003 ⁵⁵
457 1981 548 2039 An
578 1978 687 2040 tibi
715 1979 888 2041 irasci
916 1989 1044 2041 tum
1074 1980 1366 2056 videmur,
1412 2000 1551 2043 cum
1592 1983 1734 2062 quid
1763 1983 1825 2044 in
1870 1983 2066 2046 causis
2112 1983 2306 2046 acrius
2337 1993 2395 2046 et
2434 1986 2617 2047 vehe-
2662 1987 2723 2038 20

1587 2099 1692 2150 und
1719 2098 1941 2164 ‚zeigen‚
1990 2098 2103 2151 dass
2149 2108 2258 2156 nuri
2291 2099 2382 2152 der
2422 2100 2619 2168 Weise,

1586 2166 1814 2219 welcher
1827 2182 1929 2218 von
1955 2167 2052 2219 den
2073 2166 2500 2221 Leidenschaften
2519 2171 2617 2224 frei

1585 2235 1672 2300 ist,
1708 2235 1791 2287 ein
1816 2235 2017 2288 wahren·
2041 2236 2269 2287 bellator
2290 2251 2340 2289 u.
2364 2252 2406 2290 s.
2427 2253 2495 2290 W.
2520 2241 2620 2293 sei.

1651 2302 1877 2355 Remove
1896 2332 1968 2343 —
1990 2303 2329 2369 videbuntur,
2347 2305 2449 2357 wie
2467 2307 2501 2374 ξ
2521 2311 2615 2362 53:

1586 2374 1763 2423 tracta
1796 2400 1863 2411 -·
1898 2373 2193 2436 intelleges.
2229 2371 2380 2425 Sinn:
2417 2373 2617 2429 Wollte

1585 2454 1705 2491 man
1748 2438 1832 2491 die
1876 2438 2299 2493 Leidenschasten
2352 2442 2457 2493 und
2506 2443 2616 2497 ins·

1580 2506 1866 2560 besondere
1914 2507 1996 2560 die
2042 2510 2332 2560 iracundia
2381 2525 2474 2563 aus
2519 2512 2616 2565 der

1580 2574 1776 2627 Rubrik
1811 2578 2028 2628 insania
2065 2577 2337 2640 streichen‚
2374 2592 2433 2629 so
2470 2581 2612 2634 ware

1573 2644 1724 2709 jener
1760 2642 1879 2696 Satz
1919 2644 2008 2696 der
2044 2643 2252 2697 Stoiker
2287 2645 2503 2700 Unsinn.

1649 2714 1698 2765 8.
1732 2717 1976 2764 monstra
2012 2713 2189 2764 dicere
2213 2715 2462 2779 (narrare
2499 2717 2611 2769 und

517 2782 695 2830 metuo
730 2794 798 2830 ne
821 2806 889 2817 —
915 2781 1027 2830 sint
1052 2771 1283 2831 ‘durften
1316 2780 1477 2833 leicht
1581 2779 1730 2845 dgl.):
1765 2783 1928 2832 etwas
1958 2779 2325 2848 Ungereimtes,
2350 2783 2608 2838 Albernes

449 2874 517 2883 —
553 2838 706 2899 sein'.
765 2845 886 2897 Man
915 2846 1066 2912 sieht,
1091 2846 1192 2898 wie
1229 2847 1347 2898 sehr
1372 2848 1474 2904 Cic.
1581 2862 1763 2914 segem
1790 2849 2064 2902 mehrmals
2083 2851 2135 2900 in
2157 2850 2361 2903 Ciceros
2380 2849 2609 2907 Briefen.

449 2912 751 2965 Eklektiker
772 2914 858 2965 ist.
913 2913 1057 2966 Eben
1081 2914 1216 2965 noch
1254 2914 1394 2967 hatte
1419 2931 1475 2968 er
1645 2915 1806 2967 Nunc
1840 2921 2035 2982 autem,
2077 2932 2119 2969 s.
2154 2934 2217 2970 zu
2250 2918 2327 2972 111.
2369 2923 2414 2984 1,
2451 2923 2502 2973 2.
2813 2914 2814 2995 1

450 2981 562 3032 sich
595 2996 659 3032 zu
696 2980 795 3033 den
829 2979 993 3034 Akad.
1030 2982 1326 3047 gerechnet.
1648 2987 1728 3038 10.
1767 2985 2060 3052 Commove,
2097 3000 2170 3040 sc.
2208 3002 2449 3039 caenum.

520 3050 567 3100 2.
603 3052 876 3099 notionem
909 3077 978 3087 --
1011 3049 1327 3103 involutam.
1398 3051 1470 3104 So
1645 3055 1727 3106 12.
1752 3068 1870 3104 eum
1894 3083 1962 3093 --
1984 3055 2167 3120 rediit,
2203 3070 2243 3107 s.
2269 3071 2333 3107 zu
2350 3056 2386 3109 1.
2409 3060 2490 3121 11,
2511 3059 2610 3111 24:

450 3114 590 3168 Orat.
610 3117 839 3181 33,116:
868 3118 1143 3169 involutae
1164 3122 1249 3170 rei
1268 3123 1469 3173 nolitia
1568 3123 1734 3186 posui
1755 3121 1859 3174 und
1883 3122 1986 3188 vgl.
2024 3138 2087 3175 zu
2114 3121 2174 3177 V.
2190 3126 2271 3188 25,
2298 3127 2386 3177 70:
2426 3127 2613 3178 conlo-

455 2095 608 2147 Lieet
625 2099 962 2159 insectemur,
987 2101 1248 2162 quantum
1270 2099 1370 2150 vis.
1407 2097 1480 2150 So

456 2162 520 2217 de
554 2165 656 2231 leg.
691 2163 765 2217 ΠΙ.
807 2167 887 2231 10,
924 2166 1017 2217 24:
1068 2168 1310 2231 quamvis
1355 2181 1481 2217 enu-

454 2247 623 2284 meres
665 2234 862 2284 multos
911 2233 1037 2285 licet
1079 2258 1150 2280 =
1193 2233 1320 2285 lieet
1351 2250 1486 2286 enu-

455 2314 639 2367 meres,
665 2317 825 2366 quam
847 2303 1045 2354 multos
1068 2304 1163 2354 vis.
1218 2301 1319 2354 Das
1346 2301 1481 2354 Sub-

448 2367 568 2433 jekt
591 2385 657 2421 zu
678 2373 1001 2422 insectemur
1035 2369 1148 2423 sind
1173 2370 1257 2422 die
1281 2369 1486 2423 Akade-

454 2436 634 2500 miker,
670 2440 799 2489 istos
834 2437 917 2491 die
953 2437 1173 2492 Stoiker.

526 2509 574 2560 1.
621 2505 933 2573 Carneades,
980 2523 1023 2561 S.
1058 2521 1124 2557 zu
1157 2507 1234 2559 ΠΙ.
1272 2511 1354 2573 22,
1392 2510 1476 2562 54.

452 2571 570 2640 Vgl.
607 2573 670 2626 de
705 2573 844 2627 deor.
879 2591 929 2629 n.
965 2575 1023 2627 11.
1060 2576 1142 2639 65,
1183 2577 1307 2629 162:
1348 2576 1476 2629 Car-

450 2642 647 2693 neades
694 2642 937 2694 lubenter
984 2647 1043 2695 in
1081 2643 1288 2696 Stoicos
1329 2648 1478 2696 inve-

453 2711 692 2763 kehamr.

451 3183 753 3246 definiendo
789 3186 1081 3252 aperienda
1117 3192 1210 3239 est.

518 3256 565 3306 4.
603 3256 700 3320 qui
731 3282 798 3292 --
835 3259 1061 3321 quaerat
1105 3256 1316 3323 aliquid
1355 3249 1469 3310 ‘der

449 3322 532 3374 fur
567 3351 633 3361 -
675 3322 810 3375 noch
860 3328 1023 3375 etwas
1057 3322 1310 3377 Weiteres
1359 3339 1473 3376 ver-

447 3382 644 3456 langt’3
680 3406 851 3457 neque
876 3395 1164 3443 emistumet
1185 3397 1472 3459 quicquam

447 3481 515 3502 ===
551 3461 937 3526 existumetque
969 3461 1122 3512 nihil.

516 3527 566 3581 6.
640 3530 812 3579 omnis
871 3530 1180 3595 insipientes
1236 3531 1473 3581 insanos.

435 3585 560 3645 Ὅτι
607 3595 718 3646 πᾶς
763 3591 959 3667 ἄφρων
1012 3601 1286 3664 μαίνεται.
1354 3594 1472 3662 Vgl.

448 3661 551 3712 Cic.
587 3659 768 3714 Parad.
803 3667 837 3715 4
873 3664 977 3716 und
1013 3664 1149 3717 oben
1184 3662 1261 3715 111.
1299 3667 1348 3729 4,
1376 3666 1424 3716 9.

517 3732 565 3781 7.
590 3731 696 3780 ista
722 3731 1018 3797 conligunt,
1043 3731 1092 3783 d.
1115 3731 1164 3783 h.
1190 3731 1265 3783 sie
1290 3731 1475 3799 gehen,

447 3811 533 3848 um
579 3795 756 3850 diesen
792 3796 926 3850 Satz·
954 3815 1018 3851 zu
1055 3800 1340 3863 beweisen,
1391 3800 1475 3852 die

449 3868 739 3930 genannten
772 3864 988 3918 Klassen
1025 3866 1261 3919 samtlich
1296 3868 1473 3931 durch,

1577 3193 1774 3241 eatam.

1644 3260 1724 3309 17.
1761 3273 2017 3321 morosos,
2053 3259 2285 3324 eigentl.:
2311 3251 2437 3312 ‘von
2465 3261 2612 3327 eige—

1574 3339 1691 3377 nem
1717 3324 2035 3390 Charakter’,
2064 3326 2221 3379 daher
2242 3321 2607 3397 ‘eigensinnig‚

1574 3384 1842 3446 launisch'.
1913 3393 2035 3447 Sen.
2070 3394 2135 3446 de
2169 3396 2243 3447 ira
2276 3395 2313 3450 1.
2348 3399 2410 3450 4:
2459 3401 2610 3451 inter

1576 3463 1671 3512 hos
1724 3463 2053 3527 (iracundos)
2103 3479 2375 3516 morosum
2425 3480 2608 3531 ponas

1577 3531 1715 3594 lieet,
1752 3530 2042 3581 delicatum
2074 3533 2392 3584 iracundiae
2408 3549 2604 3598 genus.

1649 3600 1728 3652 19.
1751 3599 2031 3651 Oratorem
2055 3603 2172 3666 cet„
2196 3600 2289 3652 mit
2312 3599 2487 3668 Bezug
2511 3606 2610 3656 auf

1583 3668 1662 3730 19,
1693 3669 1773 3721 43.
1811 3667 1883 3718 Zu
1917 3669 2175 3719 simulare
2210 3669 2379 3735 suppl.
2413 3672 2606 3726 irasci.

1648 3737 1728 3787 20.
1752 3737 1841 3786 An
1864 3735 1964 3785 tibi
1983 3738 2153 3787 irasci
2171 3741 2269 3788 cet.
2306 3737 2399 3788 mit
2421 3737 2605 3809 Bezug

1578 3802 1671 3855 auf
1701 3802 1800 3855 den
1833 3803 1905 3854 im
1941 3803 2156 3869 vorigen
2192 3804 2464 3869 liegenden
2502 3807 2604 3862 Ge-

1581 3869 1812 3923 danken:
1846 3871 2105 3923 simulant
2129 3877 2387 3926 oratores.
2455 3874 2602 3930 Ganz
