2834 4317
395 372 423 389 ..q

374 632 436 682 75

383 1567 445 1617 ‘16

477 188 560 248 48
1231 187 1419 242 LlBER
1451 189 1530 244 111.
1569 193 1651 254 31,
1671 193 1753 242 75.
1773 193 1856 243 76.

477 357 652 437 d'um3
694 363 788 425 sin
823 361 1179 443 opinabiles,
1224 362 1430 442 opinio
1472 370 1596 424 tota
1623 363 1881 424 tollatur.
1943 362 2098 424 Satis
2127 363 2350 424 dictum
2377 381 2506 425 esse
2531 382 2635 424 ar-

477 449 671 510 bitror
715 448 1147 526 aegritudinem
1178 466 1306 509 esse
1336 448 1682 528 opinionem
1713 448 1848 509 mali
1879 448 2227 528 praesentis,
2257 450 2320 509 in
2352 466 2470 527 qua
2500 450 2633 528 opi·

483 534 664 595 nione
694 533 838 594 illud
871 534 1030 607 insit,
1061 541 1129 594 ut
1157 533 1587 612 aegritudinem
1616 534 1920 613 suscipere
1950 542 2237 613 oporteat.

650 619 903 679 Additur
930 620 1001 679 ad
1029 618 1186 678 hanc
1215 618 1619 680 definitionem
1651 636 1682 678 a
1715 618 1957 679 Zenone
1986 628 2167 693 recte,
2206 628 2273 681 ut
2301 619 2395 680 illa
2426 618 2629 699 opinio

483 703 818 785 praesentis
840 703 976 764 mali
1000 704 1076 764 sit
1095 721 1326 765 recens.
1372 704 1503 764 Hoc
1525 712 1720 765 autem
1751 702 1996 765 verbum
2028 704 2114 766 sic
2143 707 2632 784 interpretantur,
2673 715 2705 764 5

486 800 553 851 ut
578 809 700 850 non
724 799 954 850 tantum
980 788 1122 849 illud
1144 806 1358 849 recens
1380 807 1511 851 esse
1540 789 1741 859 velint,
1772 790 1930 867 quod
1961 791 2137 869 paulo
2168 801 2307 852 ante
2336 790 2632 861 acciderit,

484 876 610 947 sed,
642 892 817 953 quam
841 875 941 935 diu
968 875 1029 934 in
1055 874 1154 934 illo
1179 874 1420 952 opinato
1453 874 1610 935 malo
1638 874 1725 935 vis
1756 874 2041 953 quaedam
2071 875 2232 947 insit,
2261 884 2329 936 ut
2354 877 2547 954 vigeat
2574 884 2635 935 et

484 958 700 1020 habeat
728 959 1020 1037 quandam
1046 958 1417 1032 viriditatem,
1450 967 1565 1019 tam
1596 959 1696 1019 diu
1728 959 2060 1039 appelletur
2081 978 2313 1022 recenS.
2359 960 2437 1022 Ut
2462 961 2632 1020 Arte-

487 1045 656 1106 misia
684 1044 801 1118 illa,
834 1045 1101 1116 Mausoli,
1133 1043 1335 1106 Cariae
1366 1045 1544 1122 regis,
1575 1062 1750 1116 uxor,
1792 1063 1943 1123 quae
1975 1043 2177 1106 nobile
2207 1046 2345 1106 illud
2369 1045 2635 1106 Halicar-

485 1130 644 1191 nassi
689 1130 828 1191 fecit
857 1130 1199 1209 sepulcrum
1222 1176 1238 1199 ,
1283 1148 1461 1208 quam
1491 1130 1591 1190 diu
1620 1130 1781 1202 vixit,
1810 1130 1953 1191 vixit
1981 1132 2041 1191 in
2075 1132 2267 1205 luctu,
2309 1132 2636 1209 eodemque

484 1215 658 1276 etiam
691 1215 959 1276 confecta
1000 1215 1329 1275 contabuit.
1388 1215 1543 1276 Huic
1585 1226 1711 1276 erat
1752 1215 1848 1276 illa
1893 1215 2098 1295 opinio
2141 1216 2360 1276 cotidie
2388 1233 2633 1289 recens;

485 1318 636 1379 quae
666 1313 794 1362 tum
824 1301 1085 1379 denique
1118 1318 1239 1360 non
1273 1301 1607 1380 appellatur
1635 1318 1867 1373 recens,
1905 1320 2042 1362 cum
2073 1309 2360 1363 vetustate
2387 1302 2635 1362 exaruit.

657 1386 817 1447 Haec
849 1386 1027 1464 igitur
1057 1385 1252 1446 officia
1282 1395 1427 1447 sunt
1455 1387 1924 1459 consolantium,
1970 1386 2177 1447 tollere
2206 1387 2638 1464 aegritudinem

485 1471 756 1534 funditus
800 1482 905 1532 aut
931 1473 1139 1533 sedare
1182 1479 1284 1553 aut
1324 1472 1636 1532 detrahere
1684 1489 1862 1550 quam
1894 1472 2237 1550 plurumum
2270 1481 2373 1532 aut
2400 1473 2640 1551 suppri-

486 1575 650 1618 mere
695 1575 810 1618 nec
857 1558 975 1634 pati
1018 1574 1260 1617 manare
1303 1556 1543 1636 longius
1591 1566 1694 1619 aut
1721 1558 1792 1618 ad
1823 1557 1932 1618 alia
1961 1559 2292 1618 traducere.
2353 1557 2509 1618 Sunt
2536 1556 2641 1634 qui

486 1649 678 1703 u'num
715 1642 982 1702 officium
1034 1641 1401 1702 consolantis
1451 1651 1693 1721 putent,
1743 1642 1962 1702 malum
2015 1642 2161 1703 illud
2211 1642 2457 1704 omnino
2511 1660 2636 1702 non

488 1745 636 1799 esse,
666 1737 734 1787 ut
762 1725 1026 1803 Cleanthi
1057 1727 1279 1807 placet3
1322 1739 1466 1788 sunt
1495 1727 1597 1806 qui
1629 1745 1750 1788 non
1783 1745 2065 1805 magnum
2097 1728 2334 1801 malum,
2376 1736 2444 1790 ut
2472 1726 2640 1788 Peri-

486 1811 758 1892 patetici3
802 1821 942 1872 sunt
984 1812 1085 1889 qui
1115 1811 1415 1872 abducant
1443 1830 1477 1871 a
1507 1813 1676 1874 malis
1706 1812 1776 1872 ad
1807 1810 1998 1885 bona,
2029 1821 2098 1874 ut
2127 1813 2454 1892 Epicurus3
2496 1821 2642 1872 sunt

487 1898 589 1976 qui
620 1896 762 1957 satis
791 1905 1005 1976 putent
1033 1898 1351 1957 ostendere
1383 1897 1532 1957 nihil
1559 1898 1855 1976 inopinati
1885 1897 2185 1969 accidisse,
2216 1909 2284 1959 ut
2312 1897 2641 1979 Cyrenaici.

488 1981 852 2061 Chrysippus
911 1989 1111 2042 autem
1167 1990 1346 2061 caput
1401 2000 1531 2044 esse
1570 1992 1776 2044 censet
1817 1983 1876 2043 in
1923 1983 2287 2044 consolando
2330 1983 2643 2044 detrahere

486 2100 610 2160 ciet)
645 2098 876 2161 modum,
911 2111 952 2149 S.
979 2112 1042 2148 zu
1067 2097 1102 2149 l.
1129 2100 1178 2162 2,
1211 2102 1241 2151 5
1277 2098 1381 2149 und
1406 2099 1510 2163 vgl.

484 2166 569 2221 IV.
600 2169 679 2228 10,
704 2169 791 2218 23:
828 2168 1031 2217 morbis
1060 2182 1348 2231 corporum
1374 2183 1513 2218 com-

482 2240 719 2301 paratur
747 2235 850 2297 (fiir
876 2236 1333 2300 accommodatur)
1367 2251 1510 2286 mor-

487 2306 679 2355 borum
720 2305 893 2372 animi’
936 2303 1265 2361 similitudo;
1315 2320 1387 2356 or.
1426 2306 1510 2366 35,

491 2374 614 2426 122:
651 2374 1056 2437 perorationem
1091 2400 1160 2410 —
1193 2372 1511 2423 concludere

487 2449 616 2493 statt
655 2440 854 2501 faeere.

567 2513 613 2561 1.
664 2510 752 2558 sin
801 2508 1124 2574 opinabiles,

487 2575 586 2628 den
636 2575 893 2631 Stoikern.
965 2576 1113 2627 Satis
1154 2576 1353 2629 dietum
1408 2581 1507 2627 cet.

486 2645 556 2696 ist
600 2644 716 2696 eine
758 2644 906 2697 Form
960 2644 1052 2695 des
1097 2630 1397 2707 Ubergangs
1442 2659 1505 2693 zu

487 2713 654 2764 einem
681 2727 847 2763 neuen
867 2711 1028 2763 Teile.
1065 2711 1179 2775 Vgl.
1204 2710 1288 2762 lV.
1314 2713 1397 2775 31,
1415 2714 1512 2763 65:

488 2783 570 2831 Ac
586 2781 1004 2831 ‹Ie—hactenus.
1028 2778 1101 2830 Zu
1113 2781 1514 2843 aegritudinem

489 2864 632 2898 esse
657 2851 961 2912 opinionem
995 2846 1129 2897 mali
1161 2848 1269 2910 vgl.
1307 2852 1388 2911 11,
1430 2850 1512 2899 25.

557 2917 608 2967 3.
670 2918 943 2980 suscipere
987 2915 1089 2965 wie
1150 2916 1233 2976 28,
1293 2917 1384 2973 66;
1431 2919 1513 2980 29,

492 2987 554 3037 71
592 2999 643 3035 u.
681 2985 775 3041 723
812 2985 896 3045 32,
932 2986 1020 3040 77;
1069 2980 1152 3033 IV.
1191 2985 1239 3044 8,
1279 2985 1368 3040 17;
1405 2986 1513 3048 vgl.

490 3050 621 3103 auch
668 3050 733 3101 de
766 3050 867 3101 div.
892 3049 950 3100 ss.
979 3053 1061 3112 54,
1090 3051 1213 3102 112:
1249 3051 1324 3100 ad
1355 3051 1514 3116 depo-

489 3119 695 3169 nendas
708 3121 898 3183 potius
922 3133 1084 3182 quam
1119 3118 1193 3168 ad
1223 3122 1513 3184 suscipien-

491 3189 589 3237 das
622 3186 929 3250 religiones.

560 3259 608 3308 4.
644 3255 882 3306 Additur
904 3271 938 3304 a
962 3253 1195 3318 Zenone,
1232 3253 1346 3306 dem
1375 3253 1511 3307 Stoi-

490 3323 610 3383 ker;
645 3329 710 3373 ut
731 3324 887 3383 steht,
923 3321 1044 3372 weil
1067 3324 1187 3372 eine
1211 3321 1518 3389 Bedingung

490 3391 576 3445 od.
603 3390 896 3456 Forderung
930 3392 1343 3456 ausgesprochen
1373 3392 1516 3443 wird.

560 3464 609 3512 5.
642 3463 1098 3523 interpretantur,
1135 3474 1205 3512 sc.
1245 3460 1432 3510 Stoici.

562 3533 611 3580 6.
635 3528 777 3578 iuna
797 3542 981 3577 recens
999 3543 1108 3576 esse
1124 3529 1304 3578 velint.
1344 3527 1461 3591 Vgl.
1481 3527 1516 3582 l.

496 3599 576 3659 10,
591 3599 656 3649 20
676 3617 689 3646 ε
708 3596 842 3646 duae
857 3598 1033 3658 partis
1050 3600 1101 3645 ei
1112 3611 1311 3660 parere
1327 3597 1517 3649 voluit.

562 3666 609 3715 8.
657 3666 949 3715 Artemisia
1003 3664 1223 3728 regierte
1269 3678 1370 3715 von
1414 3665 1515 3717 353

491 3734 668 3784 —351
726 3746 776 3781 V.
832 3731 945 3782 Chr.
1032 3730 1134 3782 Das
1195 3729 1516 3783 Mausoleum

493 3801 672 3850 wurde
697 3798 1029 3850 bekanntlich
1055 3814 1117 3848 zu
1145 3797 1243 3848 den
1271 3798 1519 3850 Wunder-

494 3867 704 3919 werken
771 3868 861 3918 der
913 3867 1052 3917 alten
1105 3865 1241 3917 Welt
1292 3868 1515 3932 gezfihlt.

1175 2506 1327 2558 naml.
1375 2507 1506 2557 nach

1616 2097 1734 2163 Vgl.
1769 2097 1954 2150 Herod.
1988 2097 2091 2150 Vll.
2118 2102 2208 2156 992
2246 2098 2359 2154 val.
2393 2097 2527 2152 Max.
2553 2101 2642 2158 lv,

1616 2169 1665 2233 6,
1700 2176 1803 2219 ext.
1844 2171 1897 2226 13
1938 2165 2065 2218 Plin.
2104 2166 2164 2218 N.
2200 2167 2259 2220 H.
2295 2167 2516 2220 XXXVl.
2556 2175 2605 2225 5.

1685 2239 1765 2288 10.
1802 2251 1962 2300 quam
1985 2235 2082 2285 diu
2114 2239 2276 2298 vixit,
2312 2241 2453 2287 vixit
2473 2266 2560 2305 —-,
2596 2255 2644 2292 s·

1614 2307 1663 2366 7,
1700 2306 1766 2356 14
1799 2320 1863 2355 zu
1897 2307 2108 2369 recipit,
2139 2307 2386 2369 recipiat.

1684 2374 1762 2424 12.
1809 2376 1922 2421 tum
1958 2373 2198 2437 denique,
2245 2374 2346 2437 vgl.
2383 2389 2445 2424 zu
2480 2373 2644 2440 1.13‚

1611 2441 1704 2491 29:
1765 2442 2011 2501 exaruit,
2067 2440 2296 2492 dieselbe
2355 2415 2645 2509 Metapher,

1611 2509 1694 2559 die
1759 2508 1878 2559 dem
1932 2478 2125 2559 habeat
2181 2510 2461 2573 quandam
2503 2513 2649 2562 viri-

1610 2580 1772 2643 tatem
1808 2592 1871 2626 zu
1907 2575 2110 2627 Gruude
2147 2576 2247 2642 lag.

1670 2646 1748 2696 14.
1773 2651 1869 2693 aut
1884 2644 2093 2695 sedare:
2118 2645 2202 2697 od.
2224 2645 2537 2711 wenigstens
2556 2675 2647 2701 -.

1689 2716 1767 2765 15.
1794 2727 2043 2763 manare:
2072 2727 2157 2764 um
2177 2714 2286 2764 sich
2305 2714 2517 2779 grewen,
2539 2716 2645 2767 wie

1614 2779 1671 2831 n.
1710 2783 1794 2846 27,
1830 2783 1923 2839 663
1960 2781 2034 2831 ad
2063 2782 2177 2831 alia
2212 2783 2521 2846 traducere,
2568 2799 2644 2838 sc.

1616 2864 1719 2911 eos,
1770 2852 1864 2913 qui
1896 2852 1955 2897 in
1990 2851 2337 2913 aegritudine
2368 2856 2513 2902 sunt.

1688 2918 1768 2969 16.
1804 2915 2052 2977 officium
2087 2919 2414 2969 consolantis
2439 2923 2647 2984 putent

1616 2991 1715 3037 cet.
1749 2985 1861 3036 Aus
1894 2985 2224 3036 consolantis
2246 2987 2316 3038 ist
2351 2986 2529 3037 dicere
2553 2989 2643 3041 od.

1615 3053 1805 3103 docere
1849 3067 1912 3103 zu
1957 3055 2237 3117 erganzen,
2289 3055 2390 3106 wie
2424 3057 2509 3117 32,
2544 3058 2643 3107 7⁸1:

1616 3124 1781 3170 tertia
1814 3121 2101 3181 (medicina
2125 3127 2220 3183 est)
2248 3138 2509 3172 summam
2530 3140 2645 3174 esse

1613 3189 1922 3248 stultitiam
1958 3187 2041 3240 lv.
2069 3190 2151 3253 38,
2178 3191 2271 3241 83:
2301 3193 2475 3241 animi
2497 3208 2646 3241 mor-

1614 3259 1804 3307 borum
1827 3272 1938 3307 una
1960 3261 2176 3307 sanatio
2199 3262 2296 3322 est,
2330 3263 2502 3309 omnis
2525 3262 2647 3325 opi-

1618 3326 1819 3375 nabilis
1851 3341 1976 3376 esse.

1692 3396 1771 3444 17.
1822 3392 2091 3456 Cleanthi,
2144 3409 2186 3444 s.
2235 3409 2298 3445 zu
2343 3392 2399 3445 11.
2437 3395 2519 3456 25,
2556 3397 2646 3448 60.

1618 3457 1714 3511 Mit
1748 3459 1838 3510 der
1871 3460 2234 3512 wechselndeu
2267 3460 2645 3515 Konstruktion

1619 3532 1685 3577 ut
1720 3528 1962 3580 Cleanthi
2005 3529 2185 3593 placet
2221 3557 2291 3567 —
2322 3534 2388 3580 ut
2419 3532 2646 3596 Peripa-

1620 3599 1773 3645 tetici
1806 3599 1896 3659 (sc.
1923 3597 2131 3660 dicunt)
2161 3596 2264 3662 vgl.
2287 3596 2446 3649 Acad.
2471 3599 2529 3650 11.
2556 3602 2646 3660 39,

1623 3666 1748 3717 124.
1784 3669 1850 3714 ut
1879 3665 2098 3716 Platoni
2128 3667 2341 3731 placuit
2364 3694 2430 3704 —
2455 3673 2521 3717 ut
2541 3667 2653 3718 Xe-

1617 3738 1883 3787 nocrates.

1686 3801 1769 3853 20.
1825 3803 2167 3868 Chrysippus.
2236 3800 2349 3868 Vgl.
2386 3817 2450 3897 zu
2486 3802 2522 3856 1.
2561 3806 2652 3868 45,

1621 3870 1717 3920 108
1754 3885 1804 3920 ιι.
1840 3868 1919 3921 111.
1955 3871 2039 3934 22,
2076 3871 2158 3923 52.
