<?xml version="1.0" encoding="UTF-8"?>
<!DOCTYPE html PUBLIC "-//W3C//DTD XHTML 1.0 Transitional//EN"
    "http://www.w3.org/TR/xhtml1/DTD/xhtml1-transitional.dtd">
<html xmlns="http://www.w3.org/1999/xhtml" xml:lang="en" lang="en">
 <head>
  <title>
</title>
<meta http-equiv="Content-Type" content="text/html;charset=utf-8" />
  <meta name='ocr-system' content='tesseract 3.04.00' />
  <meta name='ocr-capabilities' content='ocr_page ocr_carea ocr_par ocr_line ocrx_word'/>
</head>
<body>
  <div class='ocr_page' id='page_1' title='image "./mtulliiciceroni02sorogoog_0288.png"; bbox 0 0 2834 4317; ppageno 0'>
   <div class='ocr_carea' id='block_1_1' title="bbox 348 169 1993 422">
    <p class='ocr_par' dir='ltr' id='par_1_1' title="bbox 348 169 1993 422">
     <span class='ocr_line' id='line_1_1' title="bbox 348 169 1993 248; baseline -0.002 -19"><span class='ocrx_word' id='word_1_1' title='bbox 348 243 353 248; x_wconf 19' lang='lat'><strong>⁴</strong></span> <span class='ocrx_word' id='word_1_2' title='bbox 461 169 583 229; x_wconf 82' lang='lat'><strong>122</strong></span> <span class='ocrx_word' id='word_1_3' title='bbox 1157 170 1346 224; x_wconf 74' lang='grc' dir='ltr'><strong>ΠΒΕΒ</strong></span> <span class='ocrx_word' id='word_1_4' title='bbox 1380 169 1443 224; x_wconf 83' lang='lat' dir='ltr'><strong>v,</strong></span> <span class='ocrx_word' id='word_1_5' title='bbox 1485 173 1667 237; x_wconf 83' lang='lat'><strong>11,34.</strong></span> <span class='ocrx_word' id='word_1_6' title='bbox 1707 173 1788 238; x_wconf 83' lang='lat'><strong>12,</strong></span> <span class='ocrx_word' id='word_1_7' title='bbox 1808 174 1891 226; x_wconf 85' lang='lat'><strong>35.</strong></span> <span class='ocrx_word' id='word_1_8' title='bbox 1911 173 1993 227; x_wconf 83' lang='lat'><strong>36.</strong></span> 
     </span>
     <span class='ocr_line' id='line_1_2' title="bbox 354 324 1217 422; baseline -0.002 -15"><span class='ocrx_word' id='word_1_9' title='bbox 354 356 412 407; x_wconf 76' lang='grc'><strong>34</strong></span> <span class='ocrx_word' id='word_1_10' title='bbox 456 350 587 422; x_wconf 85' lang='lat' dir='ltr'><strong>Qua</strong></span> <span class='ocrx_word' id='word_1_11' title='bbox 629 368 696 411; x_wconf 93' lang='lat' dir='ltr'><strong>re</strong></span> <span class='ocrx_word' id='word_1_12' title='bbox 748 346 953 408; x_wconf 90' lang='lat' dir='ltr'><strong>demus</strong></span> <span class='ocrx_word' id='word_1_13' title='bbox 996 324 1111 406; x_wconf 79' lang='lat' dir='ltr'><strong>hoc</strong></span> <span class='ocrx_word' id='word_1_14' title='bbox 1154 363 1217 406; x_wconf 87' lang='lat' dir='ltr'><strong>sa</strong></span> 
     </span>
    </p>
   </div>
   <div class='ocr_carea' id='block_1_2' title="bbox 453 344 2606 598">
    <p class='ocr_par' dir='ltr' id='par_1_2' title="bbox 453 344 2606 598">
     <span class='ocr_line' id='line_1_3' title="bbox 1264 344 2603 492; baseline 0.001 -87"><span class='ocrx_word' id='word_1_15' title='bbox 1264 344 1523 492; x_wconf 47' lang='lat' dir='ltr'><strong>{grum</strong></span> <span class='ocrx_word' id='word_1_16' title='bbox 1595 351 1663 432; x_wconf 62' lang='lat' dir='ltr'><strong>Et</strong></span> <span class='ocrx_word' id='word_1_17' title='bbox 1705 344 1781 407; x_wconf 89' lang='lat' dir='ltr'><strong>sit</strong></span> <span class='ocrx_word' id='word_1_18' title='bbox 1820 344 2029 440; x_wconf 59' lang='lat' dir='ltr'><strong>beatus</strong></span> <span class='ocrx_word' id='word_1_19' title='bbox 2070 362 2308 426; x_wconf 80' lang='lat' dir='ltr'>semper</span> <span class='ocrx_word' id='word_1_20' title='bbox 2336 346 2573 426; x_wconf 89' lang='lat' dir='ltr'><strong>sapiens</strong></span> <span class='ocrx_word' id='word_1_21' title='bbox 2585 359 2603 421; x_wconf 85' lang='lat'>;</span> 
     </span>
     <span class='ocr_line' id='line_1_4' title="bbox 458 429 2606 514; baseline -0.002 -17"><span class='ocrx_word' id='word_1_22' title='bbox 458 453 635 514; x_wconf 88' lang='lat' dir='ltr'><strong>quam</strong></span> <span class='ocrx_word' id='word_1_23' title='bbox 677 432 790 495; x_wconf 91' lang='lat' dir='ltr'><strong>sibi</strong></span> <span class='ocrx_word' id='word_1_24' title='bbox 820 430 1226 504; x_wconf 49' lang='lat' dir='ltr'><strong>conveniatfi</strong></span> <span class='ocrx_word' id='word_1_25' title='bbox 1401 450 1418 491; x_wconf 91' lang='lat'>1</span> <span class='ocrx_word' id='word_1_26' title='bbox 1463 429 1593 491; x_wconf 82' lang='lat' dir='ltr'><strong>emt.</strong></span> <span class='ocrx_word' id='word_1_27' title='bbox 1735 449 1860 493; x_wconf 77' lang='lat' dir='ltr'><strong>orla</strong></span> <span class='ocrx_word' id='word_1_28' title='bbox 1973 431 2129 493; x_wconf 91' lang='lat' dir='ltr'><strong>idem</strong></span> <span class='ocrx_word' id='word_1_29' title='bbox 2157 431 2333 492; x_wconf 90' lang='lat' dir='ltr'><strong>buius</strong></span> <span class='ocrx_word' id='word_1_30' title='bbox 2364 439 2606 492; x_wconf 90' lang='lat' dir='ltr'><strong>senten-</strong></span> 
     </span>
     <span class='ocr_line' id='line_1_5' title="bbox 453 513 2604 598; baseline -0.002 -17"><span class='ocrx_word' id='word_1_31' title='bbox 453 521 567 581; x_wconf 89' lang='lat' dir='ltr'><strong>tiae</strong></span> <span class='ocrx_word' id='word_1_32' title='bbox 610 519 742 598; x_wconf 88' lang='lat' dir='ltr'><strong>quis</strong></span> <span class='ocrx_word' id='word_1_33' title='bbox 772 526 861 580; x_wconf 89' lang='lat' dir='ltr'><strong>est</strong></span> <span class='ocrx_word' id='word_1_34' title='bbox 888 516 988 577; x_wconf 86' lang='lat' dir='ltr'><strong>illo</strong></span> <span class='ocrx_word' id='word_1_35' title='bbox 1017 516 1144 577; x_wconf 87' lang='lat' dir='ltr'><strong>viro</strong></span> <span class='ocrx_word' id='word_1_36' title='bbox 1174 513 1454 596; x_wconf 79' lang='lat' dir='ltr'><strong>dignior?</strong></span> <span class='ocrx_word' id='word_1_37' title='bbox 1498 535 1610 578; x_wconf 88' lang='lat' dir='ltr'><strong>nos</strong></span> <span class='ocrx_word' id='word_1_38' title='bbox 1636 524 1835 578; x_wconf 88' lang='lat' dir='ltr'><strong>tamen</strong></span> <span class='ocrx_word' id='word_1_39' title='bbox 1865 525 2206 591; x_wconf 80' lang='lat' dir='ltr'><strong>teneamus,</strong></span> <span class='ocrx_word' id='word_1_40' title='bbox 2245 524 2313 578; x_wconf 91' lang='lat' dir='ltr'><strong>ut</strong></span> <span class='ocrx_word' id='word_1_41' title='bbox 2342 516 2419 578; x_wconf 88' lang='lat' dir='ltr'><strong>sit</strong></span> <span class='ocrx_word' id='word_1_42' title='bbox 2445 515 2604 577; x_wconf 91' lang='lat' dir='ltr'><strong>idem</strong></span> 
     </span>
    </p>
   </div>
   <div class='ocr_carea' id='block_1_3' title="bbox 452 605 2608 766">
    <p class='ocr_par' dir='ltr' id='par_1_3' title="bbox 452 605 2608 766">
     <span class='ocr_line' id='line_1_6' title="bbox 452 605 2608 766; baseline 0.01 -38"><span class='ocrx_word' id='word_1_43' title='bbox 452 605 842 765; x_wconf 51' lang='lat' dir='ltr'><strong>beausssitmtg·</strong></span> <span class='ocrx_word' id='word_1_44' title='bbox 865 687 1025 748; x_wconf 83' lang='lat' dir='ltr'><strong>Zeno</strong></span> <span class='ocrx_word' id='word_1_45' title='bbox 1058 684 1305 761; x_wconf 89' lang='lat' dir='ltr'><strong>Citieus,</strong></span> <span class='ocrx_word' id='word_1_46' title='bbox 1346 686 1567 747; x_wconf 87' lang='lat' dir='ltr'><strong>advena</strong></span> <span class='ocrx_word' id='word_1_47' title='bbox 1613 685 1850 764; x_wconf 88' lang='lat' dir='ltr'><strong>quidam</strong></span> <span class='ocrx_word' id='word_1_48' title='bbox 1893 695 1951 748; x_wconf 88' lang='lat' dir='ltr'><strong>et</strong></span> <span class='ocrx_word' id='word_1_49' title='bbox 1979 686 2257 766; x_wconf 82' lang='lat' dir='ltr'><strong>ignobilis</strong></span> <span class='ocrx_word' id='word_1_50' title='bbox 2286 686 2608 748; x_wconf 87' lang='lat' dir='ltr'><strong>verborum</strong></span> 
     </span>
    </p>
   </div>
   <div class='ocr_carea' id='block_1_4' title="bbox 345 771 2606 1962">
    <p class='ocr_par' dir='ltr' id='par_1_4' title="bbox 345 771 2606 1962">
     <span class='ocr_line' id='line_1_7' title="bbox 453 771 2606 919; baseline -0.002 -82"><span class='ocrx_word' id='word_1_51' title='bbox 453 776 682 855; x_wconf 82' lang='lat' dir='ltr'><strong>opifex,</strong></span> <span class='ocrx_word' id='word_1_52' title='bbox 725 773 937 854; x_wconf 89' lang='lat' dir='ltr'><strong>insinu</strong></span> <span class='ocrx_word' id='word_1_53' title='bbox 1098 789 1161 842; x_wconf 81' lang='lat' dir='ltr'><strong>se</strong></span> <span class='ocrx_word' id='word_1_54' title='bbox 1203 771 1265 832; x_wconf 91' lang='lat' dir='ltr'><strong>in</strong></span> <span class='ocrx_word' id='word_1_55' title='bbox 1310 772 1614 850; x_wconf 90' lang='lat' dir='ltr'><strong>antiquam</strong></span> <span class='ocrx_word' id='word_1_56' title='bbox 1656 771 2380 919; x_wconf 44' lang='lat' dir='ltr'><strong>philoswt‘fflufi’</strong></span> <span class='ocrx_word' id='word_1_57' title='bbox 2426 771 2606 834; x_wconf 90' lang='lat' dir='ltr'><strong>buius</strong></span> 
     </span>
     <span class='ocr_line' id='line_1_8' title="bbox 452 834 2605 939; baseline -0.003 -16"><span class='ocrx_word' id='word_1_58' title='bbox 452 834 978 939; x_wconf 55' lang='lat' dir='ltr'><strong>sententiaffiV1</strong></span> <span class='ocrx_word' id='word_1_59' title='bbox 1003 875 1066 917; x_wconf 88' lang='lat' dir='ltr'><strong>as</strong></span> <span class='ocrx_word' id='word_1_60' title='bbox 1110 874 1142 916; x_wconf 86' lang='lat' dir='ltr'><strong>a</strong></span> <span class='ocrx_word' id='word_1_61' title='bbox 1245 857 1437 918; x_wconf 90' lang='lat' dir='ltr'><strong>atonis</strong></span> <span class='ocrx_word' id='word_1_62' title='bbox 1478 857 1827 919; x_wconf 84' lang='lat' dir='ltr'><strong>auctoritate</strong></span> <span class='ocrx_word' id='word_1_63' title='bbox 1922 875 2000 937; x_wconf 89' lang='lat' dir='ltr'><strong>pe</strong></span> <span class='ocrx_word' id='word_1_64' title='bbox 2087 875 2190 933; x_wconf 87' lang='lat' dir='ltr'><strong>ur,</strong></span> <span class='ocrx_word' id='word_1_65' title='bbox 2236 875 2310 937; x_wconf 90' lang='lat' dir='ltr'><strong>ap</strong></span> <span class='ocrx_word' id='word_1_66' title='bbox 2357 858 2394 917; x_wconf 92' lang='lat' dir='ltr'><strong>d</strong></span> <span class='ocrx_word' id='word_1_67' title='bbox 2424 875 2605 935; x_wconf 90' lang='lat' dir='ltr'><strong>quem</strong></span> 
     </span>
     <span class='ocr_line' id='line_1_9' title="bbox 451 941 2603 1026; baseline -0.001 -19"><span class='ocrx_word' id='word_1_68' title='bbox 451 964 626 1026; x_wconf 82' lang='lat' dir='ltr'><strong>saepe</strong></span> <span class='ocrx_word' id='word_1_69' title='bbox 666 945 812 1005; x_wconf 89' lang='lat' dir='ltr'><strong>haec</strong></span> <span class='ocrx_word' id='word_1_70' title='bbox 853 942 1040 1004; x_wconf 87' lang='lat' dir='ltr'><strong>oratio</strong></span> <span class='ocrx_word' id='word_1_71' title='bbox 1084 950 1364 1022; x_wconf 86' lang='lat' dir='ltr'><strong>usurpata</strong></span> <span class='ocrx_word' id='word_1_72' title='bbox 1408 949 1526 1016; x_wconf 90' lang='lat' dir='ltr'><strong>est,</strong></span> <span class='ocrx_word' id='word_1_73' title='bbox 1569 950 1639 1003; x_wconf 91' lang='lat' dir='ltr'><strong>ut</strong></span> <span class='ocrx_word' id='word_1_74' title='bbox 1679 942 1828 1003; x_wconf 91' lang='lat' dir='ltr'><strong>nihil</strong></span> <span class='ocrx_word' id='word_1_75' title='bbox 1857 950 2093 1023; x_wconf 87' lang='lat' dir='ltr'><strong>praeter</strong></span> <span class='ocrx_word' id='word_1_76' title='bbox 2134 942 2411 1004; x_wconf 89' lang='lat' dir='ltr'><strong>virtutem</strong></span> <span class='ocrx_word' id='word_1_77' title='bbox 2442 941 2603 1004; x_wconf 88' lang='lat' dir='ltr'><strong>dice-</strong></span> 
     </span>
     <span class='ocr_line' id='line_1_10' title="bbox 349 1026 2604 1107; baseline 0 -18"><span class='ocrx_word' id='word_1_78' title='bbox 349 1038 406 1089; x_wconf 80' lang='lat'><strong>35</strong></span> <span class='ocrx_word' id='word_1_79' title='bbox 447 1039 615 1092; x_wconf 91' lang='lat' dir='ltr'><strong>retur</strong></span> <span class='ocrx_word' id='word_1_80' title='bbox 640 1029 886 1091; x_wconf 91' lang='lat' dir='ltr'><strong>bonum.</strong></span> <span class='ocrx_word' id='word_1_81' title='bbox 953 1027 1125 1088; x_wconf 91' lang='lat' dir='ltr'><strong>Velut</strong></span> <span class='ocrx_word' id='word_1_82' title='bbox 1155 1027 1215 1089; x_wconf 92' lang='lat' dir='ltr'><strong>in</strong></span> <span class='ocrx_word' id='word_1_83' title='bbox 1249 1026 1465 1107; x_wconf 82' lang='lat' dir='ltr'>Gorgia</span> <span class='ocrx_word' id='word_1_84' title='bbox 1495 1026 1800 1102; x_wconf 83' lang='lat' dir='ltr'><strong>Socrates,</strong></span> <span class='ocrx_word' id='word_1_85' title='bbox 1846 1046 1982 1089; x_wconf 90' lang='lat' dir='ltr'><strong>cum</strong></span> <span class='ocrx_word' id='word_1_86' title='bbox 2012 1036 2167 1090; x_wconf 88' lang='lat' dir='ltr'><strong>esset</strong></span> <span class='ocrx_word' id='word_1_87' title='bbox 2197 1047 2268 1088; x_wconf 83' lang='lat' dir='ltr'><strong>ex</strong></span> <span class='ocrx_word' id='word_1_88' title='bbox 2300 1046 2372 1089; x_wconf 92' lang='lat' dir='ltr'><strong>eo</strong></span> <span class='ocrx_word' id='word_1_89' title='bbox 2395 1045 2604 1106; x_wconf 85' lang='lat' dir='ltr'><strong>·quae-</strong></span> 
     </span>
     <span class='ocr_line' id='line_1_11' title="bbox 451 1112 2604 1192; baseline -0.002 -15"><span class='ocrx_word' id='word_1_90' title='bbox 451 1116 657 1191; x_wconf 87' lang='lat' dir='ltr'><strong>situm,</strong></span> <span class='ocrx_word' id='word_1_91' title='bbox 717 1113 1102 1186; x_wconf 81' lang='lat' dir='ltr'><strong>Archelaum,</strong></span> <span class='ocrx_word' id='word_1_92' title='bbox 1166 1112 1483 1174; x_wconf 80' lang='lat' dir='ltr'><strong>Perdiccae</strong></span> <span class='ocrx_word' id='word_1_93' title='bbox 1524 1112 1741 1189; x_wconf 87' lang='lat' dir='ltr'><strong>filium,</strong></span> <span class='ocrx_word' id='word_1_94' title='bbox 1796 1113 1896 1192; x_wconf 88' lang='lat' dir='ltr'><strong>qui</strong></span> <span class='ocrx_word' id='word_1_95' title='bbox 1933 1121 2059 1175; x_wconf 91' lang='lat' dir='ltr'><strong>tum</strong></span> <span class='ocrx_word' id='word_1_96' title='bbox 2100 1113 2604 1175; x_wconf 79' lang='lat' dir='ltr'><strong>fortunatissimus</strong></span> 
     </span>
     <span class='ocr_line' id='line_1_12' title="bbox 451 1196 2606 1278; baseline -0.001 -17"><span class='ocrx_word' id='word_1_97' title='bbox 451 1200 799 1273; x_wconf 87' lang='lat' dir='ltr'><strong>haberetur,</strong></span> <span class='ocrx_word' id='word_1_98' title='bbox 832 1217 1036 1261; x_wconf 91' lang='lat' dir='ltr'><strong>nonne</strong></span> <span class='ocrx_word' id='word_1_99' title='bbox 1066 1196 1302 1258; x_wconf 84' lang='lat' dir='ltr'><strong>beatum</strong></span> <span class='ocrx_word' id='word_1_100' title='bbox 1336 1204 1590 1278; x_wconf 88' lang='lat' dir='ltr'><strong>putaret,</strong></span> <span class='ocrx_word' id='word_1_101' title='bbox 1621 1197 1791 1259; x_wconf 88' lang='lat' dir='ltr'><strong>Haud</strong></span> <span class='ocrx_word' id='word_1_102' title='bbox 1821 1198 1975 1272; x_wconf 89' lang='lat' dir='ltr'><strong>scio,</strong></span> <span class='ocrx_word' id='word_1_103' title='bbox 2006 1198 2230 1278; x_wconf 90' lang='lat' dir='ltr'><strong>inquit;</strong></span> <span class='ocrx_word' id='word_1_104' title='bbox 2275 1216 2606 1277; x_wconf 88' lang='lat' dir='ltr'><strong>numquam</strong></span> 
     </span>
     <span class='ocr_line' id='line_1_13' title="bbox 454 1282 2604 1364; baseline -0 -19"><span class='ocrx_word' id='word_1_105' title='bbox 454 1286 612 1347; x_wconf 90' lang='lat' dir='ltr'><strong>enim</strong></span> <span class='ocrx_word' id='word_1_106' title='bbox 655 1303 788 1346; x_wconf 88' lang='lat' dir='ltr'><strong>cum</strong></span> <span class='ocrx_word' id='word_1_107' title='bbox 834 1303 904 1345; x_wconf 93' lang='lat' dir='ltr'><strong>eo</strong></span> <span class='ocrx_word' id='word_1_108' title='bbox 943 1282 1296 1345; x_wconf 90' lang='lat' dir='ltr'><strong>conlocutus</strong></span> <span class='ocrx_word' id='word_1_109' title='bbox 1328 1301 1479 1344; x_wconf 92' lang='lat' dir='ltr'><strong>sum.</strong></span> <span class='ocrx_word' id='word_1_110' title='bbox 1524 1315 1609 1327; x_wconf 90' lang='grc'><strong>-</strong></span> <span class='ocrx_word' id='word_1_111' title='bbox 1639 1284 1728 1343; x_wconf 87' lang='lat' dir='ltr'><strong>An</strong></span> <span class='ocrx_word' id='word_1_112' title='bbox 1762 1291 1824 1345; x_wconf 91' lang='lat' dir='ltr'><strong>tu</strong></span> <span class='ocrx_word' id='word_1_113' title='bbox 1858 1284 2030 1345; x_wconf 87' lang='lat' dir='ltr'><strong>aliter</strong></span> <span class='ocrx_word' id='word_1_114' title='bbox 2060 1283 2116 1344; x_wconf 92' lang='lat' dir='ltr'><strong>id</strong></span> <span class='ocrx_word' id='word_1_115' title='bbox 2149 1285 2303 1346; x_wconf 89' lang='lat' dir='ltr'><strong>scire</strong></span> <span class='ocrx_word' id='word_1_116' title='bbox 2335 1301 2456 1345; x_wconf 95' lang='lat' dir='ltr'><strong>non</strong></span> <span class='ocrx_word' id='word_1_117' title='bbox 2489 1301 2604 1364; x_wconf 89' lang='lat' dir='ltr'><strong>po-</strong></span> 
     </span>
     <span class='ocr_line' id='line_1_14' title="bbox 452 1366 2603 1449; baseline -0.002 -17"><span class='ocrx_word' id='word_1_118' title='bbox 452 1368 588 1432; x_wconf 80' lang='lat' dir='ltr'><strong>tes?</strong></span> <span class='ocrx_word' id='word_1_119' title='bbox 621 1404 702 1415; x_wconf 89' lang='lat'>-</span> <span class='ocrx_word' id='word_1_120' title='bbox 730 1369 904 1430; x_wconf 85' lang='lat' dir='ltr'><strong>Nullo</strong></span> <span class='ocrx_word' id='word_1_121' title='bbox 935 1369 1133 1429; x_wconf 89' lang='lat' dir='ltr'><strong>modo.</strong></span> <span class='ocrx_word' id='word_1_122' title='bbox 1174 1402 1260 1413; x_wconf 88' lang='lat'><em>-</em></span> <span class='ocrx_word' id='word_1_123' title='bbox 1289 1367 1379 1429; x_wconf 90' lang='lat' dir='ltr'><strong>Tu</strong></span> <span class='ocrx_word' id='word_1_124' title='bbox 1412 1366 1597 1446; x_wconf 86' lang='lat' dir='ltr'><strong>igitur</strong></span> <span class='ocrx_word' id='word_1_125' title='bbox 1625 1386 1703 1428; x_wconf 91' lang='lat' dir='ltr'><strong>ne</strong></span> <span class='ocrx_word' id='word_1_126' title='bbox 1731 1367 1805 1428; x_wconf 93' lang='lat' dir='ltr'><strong>de</strong></span> <span class='ocrx_word' id='word_1_127' title='bbox 1836 1368 2152 1431; x_wconf 90' lang='lat' dir='ltr'><strong>Persarum</strong></span> <span class='ocrx_word' id='word_1_128' title='bbox 2186 1369 2427 1449; x_wconf 91' lang='lat' dir='ltr'><strong>quidem</strong></span> <span class='ocrx_word' id='word_1_129' title='bbox 2457 1385 2603 1448; x_wconf 85' lang='lat' dir='ltr'><strong>rege</strong></span> 
     </span>
     <span class='ocr_line' id='line_1_15' title="bbox 446 1452 2601 1534; baseline -0.001 -17"><span class='ocrx_word' id='word_1_130' title='bbox 446 1474 664 1533; x_wconf 86' lang='lat' dir='ltr'><strong>magno</strong></span> <span class='ocrx_word' id='word_1_131' title='bbox 721 1462 894 1534; x_wconf 87' lang='lat' dir='ltr'><strong>potes</strong></span> <span class='ocrx_word' id='word_1_132' title='bbox 952 1453 1151 1515; x_wconf 88' lang='lat' dir='ltr'><strong>dicere</strong></span> <span class='ocrx_word' id='word_1_133' title='bbox 1206 1452 1495 1515; x_wconf 84' lang='lat' dir='ltr'><strong>beatusne</strong></span> <span class='ocrx_word' id='word_1_134' title='bbox 1550 1453 1645 1515; x_wconf 88' lang='lat' dir='ltr'><strong>sit.</strong></span> <span class='ocrx_word' id='word_1_135' title='bbox 1711 1488 1795 1498; x_wconf 93' lang='lat'><strong>-—</strong></span> <span class='ocrx_word' id='word_1_136' title='bbox 1838 1454 1929 1515; x_wconf 82' lang='lat' dir='ltr'><strong>An</strong></span> <span class='ocrx_word' id='word_1_137' title='bbox 1990 1472 2101 1533; x_wconf 82' lang='lat' dir='ltr'><strong>ego</strong></span> <span class='ocrx_word' id='word_1_138' title='bbox 2146 1456 2403 1534; x_wconf 90' lang='lat' dir='ltr'><strong>possim,</strong></span> <span class='ocrx_word' id='word_1_139' title='bbox 2459 1471 2601 1515; x_wconf 90' lang='lat' dir='ltr'><strong>cum</strong></span> 
     </span>
     <span class='ocr_line' id='line_1_16' title="bbox 448 1537 2594 1619; baseline -0.001 -17"><span class='ocrx_word' id='word_1_140' title='bbox 448 1542 718 1619; x_wconf 86' lang='lat' dir='ltr'><strong>ignorem</strong></span> <span class='ocrx_word' id='word_1_141' title='bbox 763 1557 937 1619; x_wconf 88' lang='lat' dir='ltr'><strong>quam</strong></span> <span class='ocrx_word' id='word_1_142' title='bbox 983 1539 1059 1600; x_wconf 89' lang='lat' dir='ltr'><strong>sit</strong></span> <span class='ocrx_word' id='word_1_143' title='bbox 1088 1537 1314 1613; x_wconf 90' lang='lat' dir='ltr'><strong>doctus,</strong></span> <span class='ocrx_word' id='word_1_144' title='bbox 1360 1556 1538 1617; x_wconf 91' lang='lat' dir='ltr'><strong>quam</strong></span> <span class='ocrx_word' id='word_1_145' title='bbox 1569 1538 1659 1599; x_wconf 87' lang='lat' dir='ltr'><strong>vir</strong></span> <span class='ocrx_word' id='word_1_146' title='bbox 1688 1537 1927 1600; x_wconf 80' lang='lat' dir='ltr'><strong>bonus?</strong></span> <span class='ocrx_word' id='word_1_147' title='bbox 1970 1574 2055 1584; x_wconf 96' lang='lat'><strong>—</strong></span> <span class='ocrx_word' id='word_1_148' title='bbox 2087 1538 2287 1611; x_wconf 79' lang='lat' dir='ltr'><strong>Quid?</strong></span> <span class='ocrx_word' id='word_1_149' title='bbox 2329 1547 2396 1601; x_wconf 92' lang='lat' dir='ltr'><strong>tu</strong></span> <span class='ocrx_word' id='word_1_150' title='bbox 2426 1538 2488 1599; x_wconf 90' lang='lat' dir='ltr'><strong>in</strong></span> <span class='ocrx_word' id='word_1_151' title='bbox 2523 1557 2594 1600; x_wconf 89' lang='lat' dir='ltr'><strong>eo</strong></span> 
     </span>
     <span class='ocr_line' id='line_1_17' title="bbox 449 1620 2599 1703; baseline -0.001 -16"><span class='ocrx_word' id='word_1_152' title='bbox 449 1627 620 1687; x_wconf 91' lang='lat' dir='ltr'><strong>sitam</strong></span> <span class='ocrx_word' id='word_1_153' title='bbox 649 1625 825 1687; x_wconf 86' lang='lat' dir='ltr'><strong>vitam</strong></span> <span class='ocrx_word' id='word_1_154' title='bbox 858 1623 1088 1685; x_wconf 88' lang='lat' dir='ltr'><strong>beatam</strong></span> <span class='ocrx_word' id='word_1_155' title='bbox 1120 1620 1338 1702; x_wconf 77' lang='lat' dir='ltr'><strong>putas?</strong></span> <span class='ocrx_word' id='word_1_156' title='bbox 1379 1657 1469 1668; x_wconf 91' lang='lat'>—</span> <span class='ocrx_word' id='word_1_157' title='bbox 1496 1623 1581 1684; x_wconf 89' lang='lat' dir='ltr'><strong>lta</strong></span> <span class='ocrx_word' id='word_1_158' title='bbox 1609 1642 1860 1703; x_wconf 87' lang='lat' dir='ltr'><strong>prorsus</strong></span> <span class='ocrx_word' id='word_1_159' title='bbox 1891 1625 2194 1699; x_wconf 85' lang='lat' dir='ltr'><strong>existimo,</strong></span> <span class='ocrx_word' id='word_1_160' title='bbox 2230 1624 2426 1687; x_wconf 90' lang='lat' dir='ltr'><strong>bonos</strong></span> <span class='ocrx_word' id='word_1_161' title='bbox 2454 1623 2599 1687; x_wconf 89' lang='lat' dir='ltr'><strong>bea-</strong></span> 
     </span>
     <span class='ocr_line' id='line_1_18' title="bbox 450 1708 2599 1789; baseline -0 -18"><span class='ocrx_word' id='word_1_162' title='bbox 450 1720 576 1786; x_wconf 89' lang='lat' dir='ltr'><strong>tos,</strong></span> <span class='ocrx_word' id='word_1_163' title='bbox 623 1709 928 1789; x_wconf 90' lang='lat' dir='ltr'><strong>improbos</strong></span> <span class='ocrx_word' id='word_1_164' title='bbox 958 1710 1235 1784; x_wconf 75' lang='lat' dir='ltr'><strong>miseroS,</strong></span> <span class='ocrx_word' id='word_1_165' title='bbox 1276 1743 1362 1755; x_wconf 87' lang='lat'><strong>--</strong></span> <span class='ocrx_word' id='word_1_166' title='bbox 1389 1708 1570 1770; x_wconf 85' lang='lat' dir='ltr'><strong>Miser</strong></span> <span class='ocrx_word' id='word_1_167' title='bbox 1599 1727 1742 1789; x_wconf 86' lang='lat' dir='ltr'><strong>ergo</strong></span> <span class='ocrx_word' id='word_1_168' title='bbox 1775 1708 2143 1772; x_wconf 79' lang='lat' dir='ltr'><strong>Archelaus?</strong></span> <span class='ocrx_word' id='word_1_169' title='bbox 2185 1744 2271 1755; x_wconf 92' lang='lat'><strong>—</strong></span> <span class='ocrx_word' id='word_1_170' title='bbox 2303 1710 2501 1781; x_wconf 90' lang='lat' dir='ltr'><strong>Certe,</strong></span> <span class='ocrx_word' id='word_1_171' title='bbox 2548 1709 2599 1771; x_wconf 93' lang='lat' dir='ltr'><strong>si</strong></span> 
     </span>
     <span class='ocr_line' id='line_1_19' title="bbox 345 1793 2596 1862; baseline -0.002 -2"><span class='ocrx_word' id='word_1_172' title='bbox 345 1811 403 1862; x_wconf 81' lang='lat'><strong>36</strong></span> <span class='ocrx_word' id='word_1_173' title='bbox 444 1796 716 1858; x_wconf 91' lang='lat' dir='ltr'><strong>iniustus.</strong></span> <span class='ocrx_word' id='word_1_174' title='bbox 761 1830 845 1840; x_wconf 93' lang='lat'>—</span> <span class='ocrx_word' id='word_1_175' title='bbox 886 1793 1209 1855; x_wconf 82' lang='lat' dir='ltr'><strong>Videturne</strong></span> <span class='ocrx_word' id='word_1_176' title='bbox 1241 1811 1480 1855; x_wconf 89' lang='lat' dir='ltr'><strong>omnem</strong></span> <span class='ocrx_word' id='word_1_177' title='bbox 1523 1794 1619 1856; x_wconf 88' lang='lat' dir='ltr'><strong>bic</strong></span> <span class='ocrx_word' id='word_1_178' title='bbox 1658 1794 1887 1855; x_wconf 88' lang='lat' dir='ltr'><strong>beatam</strong></span> <span class='ocrx_word' id='word_1_179' title='bbox 1930 1795 2106 1856; x_wconf 84' lang='lat' dir='ltr'><strong>vitam</strong></span> <span class='ocrx_word' id='word_1_180' title='bbox 2136 1795 2197 1856; x_wconf 91' lang='lat' dir='ltr'><strong>in</strong></span> <span class='ocrx_word' id='word_1_181' title='bbox 2234 1815 2354 1857; x_wconf 91' lang='lat' dir='ltr'><strong>una</strong></span> <span class='ocrx_word' id='word_1_182' title='bbox 2380 1794 2596 1855; x_wconf 87' lang='lat' dir='ltr'><strong>virtute</strong></span> 
     </span>
     <span class='ocr_line' id='line_1_20' title="bbox 442 1874 2593 1962; baseline -0 -21"><span class='ocrx_word' id='word_1_183' title='bbox 442 1877 716 1961; x_wconf 79' lang='lat' dir='ltr'><strong>ponere?</strong></span> <span class='ocrx_word' id='word_1_184' title='bbox 765 1878 918 1950; x_wconf 90' lang='lat' dir='ltr'><strong>Quid</strong></span> <span class='ocrx_word' id='word_1_185' title='bbox 963 1876 1148 1941; x_wconf 80' lang='lat' dir='ltr'><strong>vero?</strong></span> <span class='ocrx_word' id='word_1_186' title='bbox 1193 1878 1254 1940; x_wconf 91' lang='lat' dir='ltr'><strong>in</strong></span> <span class='ocrx_word' id='word_1_187' title='bbox 1286 1878 1603 1959; x_wconf 85' lang='lat' dir='ltr'><strong>Epitaphio</strong></span> <span class='ocrx_word' id='word_1_188' title='bbox 1647 1896 1766 1957; x_wconf 88' lang='lat' dir='ltr'><strong>quo</strong></span> <span class='ocrx_word' id='word_1_189' title='bbox 1808 1880 1984 1941; x_wconf 93' lang='lat' dir='ltr'><strong>modo</strong></span> <span class='ocrx_word' id='word_1_190' title='bbox 2028 1878 2243 1962; x_wconf 64' lang='lat' dir='ltr'><strong>idem?³</strong></span> <span class='ocrx_word' id='word_1_191' title='bbox 2283 1874 2452 1942; x_wconf 90' lang='lat' dir='ltr'><strong>‘Nam</strong></span> <span class='ocrx_word' id='word_1_192' title='bbox 2497 1879 2593 1941; x_wconf 89' lang='lat' dir='ltr'><strong>cui</strong></span> 
     </span>
    </p>
   </div>
   <div class='ocr_carea' id='block_1_5' title="bbox 350 693 422 748">
    <p class='ocr_par' dir='ltr' id='par_1_5' title="bbox 350 693 422 748">
     <span class='ocr_line' id='line_1_21' title="bbox 350 693 422 748; baseline 0.014 -1"><span class='ocrx_word' id='word_1_193' title='bbox 350 693 422 748; x_wconf 78' lang='lat'><strong>12</strong></span> 
     </span>
    </p>
   </div>
   <div class='ocr_carea' id='block_1_6' title="bbox 440 2011 2595 2420">
    <p class='ocr_par' dir='ltr' id='par_1_6' title="bbox 440 2011 2593 2284">
     <span class='ocr_line' id='line_1_22' title="bbox 440 2011 2593 2081; baseline 0 -16"><span class='ocrx_word' id='word_1_194' title='bbox 440 2020 574 2065; x_wconf 83' lang='lat' dir='ltr'><strong>esset</strong></span> <span class='ocrx_word' id='word_1_195' title='bbox 625 2012 923 2067; x_wconf 77' lang='lat' dir='ltr'><strong>veranlasst.</strong></span> <span class='ocrx_word' id='word_1_196' title='bbox 994 2011 1089 2064; x_wconf 86' lang='lat' dir='ltr'><strong>Mit</strong></span> <span class='ocrx_word' id='word_1_197' title='bbox 1143 2017 1315 2064; x_wconf 89' lang='lat' dir='ltr'><strong>totum</strong></span> <span class='ocrx_word' id='word_1_198' title='bbox 1368 2015 1469 2064; x_wconf 82' lang='lat' dir='ltr'><strong>hoc</strong></span> <span class='ocrx_word' id='word_1_199' title='bbox 1571 2016 1850 2065; x_wconf 79' lang='lat' dir='ltr'><strong>insinuare</strong></span> <span class='ocrx_word' id='word_1_200' title='bbox 1893 2013 2110 2066; x_wconf 88' lang='lat' dir='ltr'><strong>braucht</strong></span> <span class='ocrx_word' id='word_1_201' title='bbox 2152 2015 2328 2067; x_wconf 88' lang='lat' dir='ltr'><strong>Cicero</strong></span> <span class='ocrx_word' id='word_1_202' title='bbox 2376 2016 2429 2066; x_wconf 93' lang='lat' dir='ltr'><strong>in</strong></span> <span class='ocrx_word' id='word_1_203' title='bbox 2466 2014 2593 2081; x_wconf 79' lang='lat' dir='ltr'><strong>glei-</strong></span> 
     </span>
     <span class='ocr_line' id='line_1_23' title="bbox 442 2080 1929 2135; baseline -0.001 -1"><span class='ocrx_word' id='word_1_204' title='bbox 442 2086 588 2135; x_wconf 82' lang='lat' dir='ltr'><strong>beate</strong></span> <span class='ocrx_word' id='word_1_205' title='bbox 612 2086 793 2133; x_wconf 82' lang='lat' dir='ltr'><strong>vivere</strong></span> <span class='ocrx_word' id='word_1_206' title='bbox 817 2080 946 2133; x_wconf 87' lang='lat' dir='ltr'><strong>wird</strong></span> <span class='ocrx_word' id='word_1_207' title='bbox 982 2080 1070 2133; x_wconf 90' lang='lat' dir='ltr'><strong>der</strong></span> <span class='ocrx_word' id='word_1_208' title='bbox 1094 2080 1188 2133; x_wconf 84' lang='lat' dir='ltr'><strong>lnf.</strong></span> <span class='ocrx_word' id='word_1_209' title='bbox 1228 2081 1469 2133; x_wconf 86' lang='lat' dir='ltr'><strong>substan·</strong></span> <span class='ocrx_word' id='word_1_210' title='bbox 1571 2081 1719 2133; x_wconf 85' lang='lat' dir='ltr'><strong>chem</strong></span> <span class='ocrx_word' id='word_1_211' title='bbox 1757 2080 1929 2133; x_wconf 90' lang='lat' dir='ltr'><strong>Sinne.</strong></span> 
     </span>
     <span class='ocr_line' id='line_1_24' title="bbox 440 2149 2593 2216; baseline -0 -12"><span class='ocrx_word' id='word_1_212' title='bbox 440 2153 640 2211; x_wconf 78' lang='lat' dir='ltr'><strong>tiviert3</strong></span> <span class='ocrx_word' id='word_1_213' title='bbox 690 2150 873 2203; x_wconf 86' lang='lat' dir='ltr'><strong>anders</strong></span> <span class='ocrx_word' id='word_1_214' title='bbox 911 2149 1178 2216; x_wconf 78' lang='lat' dir='ltr'><strong>geschieht</strong></span> <span class='ocrx_word' id='word_1_215' title='bbox 1230 2149 1468 2202; x_wconf 86' lang='lat' dir='ltr'><strong>dasselbe</strong></span> <span class='ocrx_word' id='word_1_216' title='bbox 1640 2153 1688 2202; x_wconf 86' lang='lat'><strong>7.</strong></span> <span class='ocrx_word' id='word_1_217' title='bbox 1734 2166 1766 2200; x_wconf 87' lang='lat' dir='ltr'><strong>a</strong></span> <span class='ocrx_word' id='word_1_218' title='bbox 1801 2151 2042 2202; x_wconf 75' lang='lat' dir='ltr'><strong>Platonis</strong></span> <span class='ocrx_word' id='word_1_219' title='bbox 2086 2154 2441 2203; x_wconf 79' lang='lat' dir='ltr'><strong>auctoritate:</strong></span> <span class='ocrx_word' id='word_1_220' title='bbox 2489 2166 2593 2204; x_wconf 87' lang='lat' dir='ltr'><strong>von</strong></span> 
     </span>
     <span class='ocr_line' id='line_1_25' title="bbox 446 2216 2242 2284; baseline -0.002 -11"><span class='ocrx_word' id='word_1_221' title='bbox 446 2224 526 2284; x_wconf 88' lang='lat'><strong>15,</strong></span> <span class='ocrx_word' id='word_1_222' title='bbox 560 2222 644 2272; x_wconf 83' lang='lat'><strong>45.</strong></span> <span class='ocrx_word' id='word_1_223' title='bbox 1569 2216 1648 2273; x_wconf 89' lang='lat' dir='ltr'><strong>Pl.</strong></span> <span class='ocrx_word' id='word_1_224' title='bbox 1686 2217 1762 2269; x_wconf 85' lang='lat' dir='ltr'><strong>als</strong></span> <span class='ocrx_word' id='word_1_225' title='bbox 1797 2218 1960 2271; x_wconf 85' lang='lat' dir='ltr'><strong>ihrem</strong></span> <span class='ocrx_word' id='word_1_226' title='bbox 1996 2217 2242 2270; x_wconf 87' lang='lat' dir='ltr'><strong>Urbeber.</strong></span> 
     </span>
    </p>

    <p class='ocr_par' dir='ltr' id='par_1_7' title="bbox 443 2284 2595 2420">
     <span class='ocr_line' id='line_1_26' title="bbox 514 2284 2288 2352; baseline 0 -12"><span class='ocrx_word' id='word_1_227' title='bbox 514 2292 559 2340; x_wconf 88' lang='lat'><strong>1.</strong></span> <span class='ocrx_word' id='word_1_228' title='bbox 598 2288 779 2338; x_wconf 86' lang='lat' dir='ltr'><strong>demus</strong></span> <span class='ocrx_word' id='word_1_229' title='bbox 815 2287 914 2337; x_wconf 80' lang='lat' dir='ltr'><strong>hoc</strong></span> <span class='ocrx_word' id='word_1_230' title='bbox 937 2312 1021 2350; x_wconf 93' lang='lat'><strong>-—-,</strong></span> <span class='ocrx_word' id='word_1_231' title='bbox 1055 2285 1162 2352; x_wconf 79' lang='lat' dir='ltr'><strong>vgl.</strong></span> <span class='ocrx_word' id='word_1_232' title='bbox 1199 2284 1235 2338; x_wconf 89' lang='lat'><strong>1.</strong></span> <span class='ocrx_word' id='word_1_233' title='bbox 1265 2289 1344 2350; x_wconf 91' lang='lat'><strong>11,</strong></span> <span class='ocrx_word' id='word_1_234' title='bbox 1370 2287 1465 2337; x_wconf 83' lang='lat'><strong>25:</strong></span> <span class='ocrx_word' id='word_1_235' title='bbox 1640 2288 1687 2339; x_wconf 85' lang='lat'><strong>9.</strong></span> <span class='ocrx_word' id='word_1_236' title='bbox 1725 2286 1898 2350; x_wconf 85' lang='lat' dir='ltr'><strong>Velut,</strong></span> <span class='ocrx_word' id='word_1_237' title='bbox 1938 2301 1979 2341; x_wconf 77' lang='lat' dir='ltr'><strong>S.</strong></span> <span class='ocrx_word' id='word_1_238' title='bbox 2018 2301 2083 2337; x_wconf 82' lang='lat' dir='ltr'><strong>zu</strong></span> <span class='ocrx_word' id='word_1_239' title='bbox 2122 2289 2169 2350; x_wconf 85' lang='lat'><strong>5,</strong></span> <span class='ocrx_word' id='word_1_240' title='bbox 2208 2289 2288 2341; x_wconf 87' lang='lat'><strong>13.</strong></span> 
     </span>
     <span class='ocr_line' id='line_1_27' title="bbox 443 2354 2595 2420; baseline -0 -12"><span class='ocrx_word' id='word_1_241' title='bbox 443 2358 606 2409; x_wconf 85' lang='lat' dir='ltr'><strong>dasne</strong></span> <span class='ocrx_word' id='word_1_242' title='bbox 655 2371 874 2406; x_wconf 79' lang='lat' dir='ltr'><strong>manere</strong></span> <span class='ocrx_word' id='word_1_243' title='bbox 919 2356 1127 2405; x_wconf 79' lang='lat' dir='ltr'><strong>animos</strong></span> <span class='ocrx_word' id='word_1_244' title='bbox 1176 2359 1276 2406; x_wconf 71' lang='grc' dir='ltr'><strong>-Ρ</strong></span> <span class='ocrx_word' id='word_1_245' title='bbox 1321 2370 1468 2419; x_wconf 88' lang='lat' dir='ltr'><strong>sane,</strong></span> <span class='ocrx_word' id='word_1_246' title='bbox 1636 2356 1698 2405; x_wconf 82' lang='lat' dir='ltr'><strong>in</strong></span> <span class='ocrx_word' id='word_1_247' title='bbox 1737 2354 1967 2420; x_wconf 77' lang='lat' dir='ltr'><strong>Gorgia:</strong></span> <span class='ocrx_word' id='word_1_248' title='bbox 2004 2368 2055 2419; x_wconf 89' lang='lat' dir='ltr'><strong>p.</strong></span> <span class='ocrx_word' id='word_1_249' title='bbox 2088 2357 2190 2408; x_wconf 84' lang='grc'><strong>470</strong></span> <span class='ocrx_word' id='word_1_250' title='bbox 2224 2354 2272 2409; x_wconf 88' lang='lat' dir='ltr'><strong>d.</strong></span> <span class='ocrx_word' id='word_1_251' title='bbox 2304 2371 2355 2410; x_wconf 90' lang='lat' dir='ltr'><strong>u.</strong></span> <span class='ocrx_word' id='word_1_252' title='bbox 2380 2371 2426 2408; x_wconf 84' lang='lat' dir='ltr'><strong>e.</strong></span> <span class='ocrx_word' id='word_1_253' title='bbox 2495 2354 2595 2408; x_wconf 88' lang='lat' dir='ltr'><strong>Der</strong></span> 
     </span>
    </p>
   </div>
   <div class='ocr_carea' id='block_1_7' title="bbox 440 2423 1468 3905">
    <p class='ocr_par' dir='ltr' id='par_1_8' title="bbox 443 2423 905 2486">
     <span class='ocr_line' id='line_1_28' title="bbox 443 2423 905 2486; baseline -0.004 -10"><span class='ocrx_word' id='word_1_254' title='bbox 443 2425 545 2477; x_wconf 81' lang='lat' dir='ltr'><strong>wie</strong></span> <span class='ocrx_word' id='word_1_255' title='bbox 578 2423 661 2476; x_wconf 89' lang='lat' dir='ltr'><strong>lV.</strong></span> <span class='ocrx_word' id='word_1_256' title='bbox 701 2426 784 2486; x_wconf 87' lang='lat'><strong>21,</strong></span> <span class='ocrx_word' id='word_1_257' title='bbox 822 2425 905 2475; x_wconf 88' lang='lat'><strong>48.</strong></span> 
     </span>
    </p>

    <p class='ocr_par' dir='ltr' id='par_1_9' title="bbox 441 2493 1466 2763">
     <span class='ocr_line' id='line_1_29' title="bbox 523 2493 1465 2559; baseline -0.004 -14"><span class='ocrx_word' id='word_1_258' title='bbox 523 2494 572 2545; x_wconf 83' lang='lat'><strong>2.</strong></span> <span class='ocrx_word' id='word_1_259' title='bbox 633 2508 792 2559; x_wconf 79' lang='lat' dir='ltr'><strong>quam</strong></span> <span class='ocrx_word' id='word_1_260' title='bbox 837 2493 943 2542; x_wconf 80' lang='lat' dir='ltr'><strong>sibi</strong></span> <span class='ocrx_word' id='word_1_261' title='bbox 995 2493 1299 2555; x_wconf 79' lang='lat' dir='ltr'><strong>conveniat,</strong></span> <span class='ocrx_word' id='word_1_262' title='bbox 1351 2493 1465 2557; x_wconf 85' lang='lat' dir='ltr'><strong>ipse</strong></span> 
     </span>
     <span class='ocr_line' id='line_1_30' title="bbox 441 2558 1466 2628; baseline -0.002 -15"><span class='ocrx_word' id='word_1_263' title='bbox 441 2562 655 2628; x_wconf 78' lang='lat' dir='ltr'><strong>viderit,</strong></span> <span class='ocrx_word' id='word_1_264' title='bbox 691 2559 893 2611; x_wconf 85' lang='lat' dir='ltr'><strong>bezieht</strong></span> <span class='ocrx_word' id='word_1_265' title='bbox 918 2558 1024 2611; x_wconf 88' lang='lat' dir='ltr'><strong>sich</strong></span> <span class='ocrx_word' id='word_1_266' title='bbox 1053 2558 1144 2611; x_wconf 79' lang='lat' dir='ltr'><strong>auf</strong></span> <span class='ocrx_word' id='word_1_267' title='bbox 1166 2561 1215 2623; x_wconf 89' lang='lat'><strong>8,</strong></span> <span class='ocrx_word' id='word_1_268' title='bbox 1240 2561 1331 2613; x_wconf 83' lang='lat'><strong>21:</strong></span> <span class='ocrx_word' id='word_1_269' title='bbox 1358 2574 1466 2625; x_wconf 83' lang='lat' dir='ltr'><strong>pu-</strong></span> 
     </span>
     <span class='ocr_line' id='line_1_31' title="bbox 443 2629 1466 2693; baseline -0.003 -13"><span class='ocrx_word' id='word_1_270' title='bbox 443 2634 526 2681; x_wconf 88' lang='lat' dir='ltr'><strong>tat</strong></span> <span class='ocrx_word' id='word_1_271' title='bbox 566 2630 830 2693; x_wconf 84' lang='lat' dir='ltr'><strong>(Brutus),</strong></span> <span class='ocrx_word' id='word_1_272' title='bbox 877 2629 1038 2678; x_wconf 80' lang='lat' dir='ltr'><strong>etiam</strong></span> <span class='ocrx_word' id='word_1_273' title='bbox 1082 2629 1132 2677; x_wconf 81' lang='lat' dir='ltr'><strong>si</strong></span> <span class='ocrx_word' id='word_1_274' title='bbox 1164 2630 1237 2678; x_wconf 81' lang='lat' dir='ltr'><strong>sit</strong></span> <span class='ocrx_word' id='word_1_275' title='bbox 1269 2629 1466 2678; x_wconf 80' lang='lat' dir='ltr'><strong>bonum</strong></span> 
     </span>
     <span class='ocr_line' id='line_1_32' title="bbox 442 2697 1215 2763; baseline -0.003 -14"><span class='ocrx_word' id='word_1_276' title='bbox 442 2697 666 2763; x_wconf 73' lang='lat' dir='ltr'><strong>aliquod</strong></span> <span class='ocrx_word' id='word_1_277' title='bbox 695 2699 912 2762; x_wconf 73' lang='lat' dir='ltr'><strong>praeter</strong></span> <span class='ocrx_word' id='word_1_278' title='bbox 945 2698 1215 2747; x_wconf 79' lang='lat' dir='ltr'><strong>virtutem.</strong></span> 
     </span>
    </p>

    <p class='ocr_par' dir='ltr' id='par_1_10' title="bbox 440 2766 1464 3168">
     <span class='ocr_line' id='line_1_33' title="bbox 509 2766 1464 2827; baseline -0.003 -10"><span class='ocrx_word' id='word_1_279' title='bbox 509 2768 557 2817; x_wconf 84' lang='lat'><strong>3.</strong></span> <span class='ocrx_word' id='word_1_280' title='bbox 587 2769 878 2827; x_wconf 75' lang='lat' dir='ltr'><strong>teneamus,</strong></span> <span class='ocrx_word' id='word_1_281' title='bbox 910 2766 975 2813; x_wconf 92' lang='lat' dir='ltr'><strong>ut</strong></span> <span class='ocrx_word' id='word_1_282' title='bbox 1001 2766 1157 2812; x_wconf 77' lang='lat' dir='ltr'><strong>sit=</strong></span> <span class='ocrx_word' id='word_1_283' title='bbox 1178 2767 1464 2826; x_wconf 73' lang='lat' dir='ltr'><strong>teneamus,</strong></span> 
     </span>
     <span class='ocr_line' id='line_1_34' title="bbox 440 2830 1464 2896; baseline -0.004 -11"><span class='ocrx_word' id='word_1_284' title='bbox 440 2838 505 2885; x_wconf 91' lang='lat' dir='ltr'><strong>ut</strong></span> <span class='ocrx_word' id='word_1_285' title='bbox 526 2834 767 2884; x_wconf 84' lang='lat' dir='ltr'><strong>dicamus</strong></span> <span class='ocrx_word' id='word_1_286' title='bbox 787 2847 911 2896; x_wconf 87' lang='lat' dir='ltr'><strong>esse,</strong></span> <span class='ocrx_word' id='word_1_287' title='bbox 935 2831 1036 2882; x_wconf 85' lang='lat' dir='ltr'><strong>wie</strong></span> <span class='ocrx_word' id='word_1_288' title='bbox 1053 2830 1240 2882; x_wconf 83' lang='lat' dir='ltr'><strong>vorher</strong></span> <span class='ocrx_word' id='word_1_289' title='bbox 1264 2831 1464 2896; x_wconf 86' lang='lat' dir='ltr'><strong>demus,</strong></span> 
     </span>
     <span class='ocr_line' id='line_1_35' title="bbox 440 2896 1463 2965; baseline -0.002 -13"><span class='ocrx_word' id='word_1_290' title='bbox 440 2906 504 2952; x_wconf 84' lang='lat' dir='ltr'><strong>ut</strong></span> <span class='ocrx_word' id='word_1_291' title='bbox 536 2904 628 2962; x_wconf 79' lang='lat' dir='ltr'><strong>sit3</strong></span> <span class='ocrx_word' id='word_1_292' title='bbox 664 2900 771 2965; x_wconf 77' lang='lat' dir='ltr'><strong>vgl.</strong></span> <span class='ocrx_word' id='word_1_293' title='bbox 809 2897 908 2949; x_wconf 88' lang='lat' dir='ltr'><strong>den</strong></span> <span class='ocrx_word' id='word_1_294' title='bbox 930 2897 1162 2949; x_wconf 78' lang='lat' dir='ltr'><strong>volleren</strong></span> <span class='ocrx_word' id='word_1_295' title='bbox 1192 2896 1463 2950; x_wconf 85' lang='lat' dir='ltr'><strong>Ausdruck</strong></span> 
     </span>
     <span class='ocr_line' id='line_1_36' title="bbox 442 2964 1462 3032; baseline -0.004 -11"><span class='ocrx_word' id='word_1_296' title='bbox 442 2969 478 3021; x_wconf 91' lang='lat' dir='ltr'><strong>l.</strong></span> <span class='ocrx_word' id='word_1_297' title='bbox 514 2971 599 3032; x_wconf 87' lang='grc'><strong>42,</strong></span> <span class='ocrx_word' id='word_1_298' title='bbox 637 2970 760 3019; x_wconf 83' lang='grc' dir='ltr'><strong>10οι</strong></span> <span class='ocrx_word' id='word_1_299' title='bbox 810 2964 924 3018; x_wconf 89' lang='lat' dir='ltr'><strong>Nos</strong></span> <span class='ocrx_word' id='word_1_300' title='bbox 959 2969 1136 3016; x_wconf 86' lang='lat' dir='ltr'><strong>autem</strong></span> <span class='ocrx_word' id='word_1_301' title='bbox 1170 2970 1462 3032; x_wconf 87' lang='lat' dir='ltr'><strong>teneamus,</strong></span> 
     </span>
     <span class='ocr_line' id='line_1_37' title="bbox 442 3034 1463 3101; baseline -0.002 -14"><span class='ocrx_word' id='word_1_302' title='bbox 442 3042 505 3087; x_wconf 90' lang='lat' dir='ltr'><strong>ut</strong></span> <span class='ocrx_word' id='word_1_303' title='bbox 555 3035 698 3086; x_wconf 78' lang='lat' dir='ltr'><strong>nihil</strong></span> <span class='ocrx_word' id='word_1_304' title='bbox 746 3048 1049 3084; x_wconf 87' lang='lat' dir='ltr'><strong>censeamus</strong></span> <span class='ocrx_word' id='word_1_305' title='bbox 1094 3050 1202 3084; x_wconf 87' lang='lat' dir='ltr'><strong>esse</strong></span> <span class='ocrx_word' id='word_1_306' title='bbox 1246 3034 1463 3101; x_wconf 86' lang='lat' dir='ltr'><strong>malum,</strong></span> 
     </span>
     <span class='ocr_line' id='line_1_38' title="bbox 441 3102 1391 3168; baseline -0.004 -11"><span class='ocrx_word' id='word_1_307' title='bbox 441 3122 492 3157; x_wconf 87' lang='lat' dir='ltr'><strong>u.</strong></span> <span class='ocrx_word' id='word_1_308' title='bbox 513 3119 576 3155; x_wconf 87' lang='lat' dir='ltr'><strong>zu</strong></span> <span class='ocrx_word' id='word_1_309' title='bbox 608 3102 694 3155; x_wconf 87' lang='lat' dir='ltr'><strong>IV.</strong></span> <span class='ocrx_word' id='word_1_310' title='bbox 721 3105 804 3168; x_wconf 85' lang='lat'><strong>21,</strong></span> <span class='ocrx_word' id='word_1_311' title='bbox 828 3104 892 3154; x_wconf 83' lang='lat'><strong>47</strong></span> <span class='ocrx_word' id='word_1_312' title='bbox 910 3120 923 3153; x_wconf 71' lang='grc' dir='ltr'><strong>ε</strong></span> <span class='ocrx_word' id='word_1_313' title='bbox 961 3105 1040 3153; x_wconf 82' lang='lat' dir='ltr'><strong>ita</strong></span> <span class='ocrx_word' id='word_1_314' title='bbox 1075 3102 1280 3167; x_wconf 76' lang='lat' dir='ltr'><strong>definit,</strong></span> <span class='ocrx_word' id='word_1_315' title='bbox 1314 3106 1391 3154; x_wconf 88' lang='lat' dir='ltr'><strong>ut.</strong></span> 
     </span>
    </p>

    <p class='ocr_par' dir='ltr' id='par_1_11' title="bbox 442 3168 1465 3511">
     <span class='ocr_line' id='line_1_39' title="bbox 511 3168 1461 3224; baseline 0 0"><span class='ocrx_word' id='word_1_316' title='bbox 511 3174 561 3224; x_wconf 84' lang='lat'><strong>5.</strong></span> <span class='ocrx_word' id='word_1_317' title='bbox 616 3172 762 3222; x_wconf 87' lang='lat' dir='ltr'><strong>Zeno</strong></span> <span class='ocrx_word' id='word_1_318' title='bbox 816 3169 907 3221; x_wconf 88' lang='lat' dir='ltr'><strong>der</strong></span> <span class='ocrx_word' id='word_1_319' title='bbox 955 3168 1160 3222; x_wconf 86' lang='lat' dir='ltr'><strong>Stoiker</strong></span> <span class='ocrx_word' id='word_1_320' title='bbox 1207 3186 1315 3223; x_wconf 79' lang='lat' dir='ltr'><strong>war</strong></span> <span class='ocrx_word' id='word_1_321' title='bbox 1367 3186 1461 3224; x_wconf 86' lang='lat' dir='ltr'><strong>aus</strong></span> 
     </span>
     <span class='ocr_line' id='line_1_40' title="bbox 444 3238 1465 3307; baseline -0.001 -15"><span class='ocrx_word' id='word_1_322' title='bbox 444 3241 627 3294; x_wconf 88' lang='lat' dir='ltr'><strong>Citium</strong></span> <span class='ocrx_word' id='word_1_323' title='bbox 681 3239 783 3304; x_wconf 89' lang='lat' dir='ltr'><strong>(od.</strong></span> <span class='ocrx_word' id='word_1_324' title='bbox 832 3238 1058 3304; x_wconf 88' lang='lat' dir='ltr'><strong>Cittium)</strong></span> <span class='ocrx_word' id='word_1_325' title='bbox 1108 3240 1199 3291; x_wconf 79' lang='lat' dir='ltr'><strong>auf</strong></span> <span class='ocrx_word' id='word_1_326' title='bbox 1238 3240 1465 3307; x_wconf 84' lang='lat' dir='ltr'><strong>Cypern,</strong></span> 
     </span>
     <span class='ocr_line' id='line_1_41' title="bbox 442 3307 1463 3376; baseline -0.001 -15"><span class='ocrx_word' id='word_1_327' title='bbox 442 3310 582 3361; x_wconf 89' lang='lat' dir='ltr'><strong>einer</strong></span> <span class='ocrx_word' id='word_1_328' title='bbox 607 3307 964 3376; x_wconf 79' lang='lat' dir='ltr'><strong>urspriinglich</strong></span> <span class='ocrx_word' id='word_1_329' title='bbox 989 3324 1022 3375; x_wconf 89' lang='lat' dir='ltr'>p</span> <span class='ocrx_word' id='word_1_330' title='bbox 1034 3308 1066 3359; x_wconf 85' lang='lat' dir='ltr'>h</span> <span class='ocrx_word' id='word_1_331' title='bbox 1081 3311 1111 3359; x_wconf 89' lang='grc' dir='ltr'><strong><em>ὃ</em></strong></span> <span class='ocrx_word' id='word_1_332' title='bbox 1123 3309 1180 3360; x_wconf 89' lang='lat' dir='ltr'><strong>ni</strong></span> <span class='ocrx_word' id='word_1_333' title='bbox 1196 3309 1287 3360; x_wconf 82' lang='lat' dir='ltr'><strong>zis</strong></span> <span class='ocrx_word' id='word_1_334' title='bbox 1299 3323 1328 3359; x_wconf 92' lang='lat' dir='ltr'><strong>c</strong></span> <span class='ocrx_word' id='word_1_335' title='bbox 1341 3308 1375 3360; x_wconf 85' lang='lat' dir='ltr'><strong>h</strong></span> <span class='ocrx_word' id='word_1_336' title='bbox 1386 3323 1415 3359; x_wconf 91' lang='lat' dir='ltr'><strong>e</strong></span> <span class='ocrx_word' id='word_1_337' title='bbox 1428 3325 1463 3360; x_wconf 90' lang='lat' dir='ltr'><strong>n</strong></span> 
     </span>
     <span class='ocr_line' id='line_1_42' title="bbox 442 3375 1464 3442; baseline -0.002 -12"><span class='ocrx_word' id='word_1_338' title='bbox 442 3377 687 3441; x_wconf 78' lang='lat' dir='ltr'><strong>Kolonis,</strong></span> <span class='ocrx_word' id='word_1_339' title='bbox 736 3375 974 3442; x_wconf 77' lang='lat' dir='ltr'><strong>gebfirtig</strong></span> <span class='ocrx_word' id='word_1_340' title='bbox 1009 3376 1207 3441; x_wconf 83' lang='lat' dir='ltr'><strong>(woher</strong></span> <span class='ocrx_word' id='word_1_341' title='bbox 1241 3392 1295 3428; x_wconf 89' lang='lat' dir='ltr'><strong>er</strong></span> <span class='ocrx_word' id='word_1_342' title='bbox 1329 3376 1464 3428; x_wconf 85' lang='lat' dir='ltr'><strong>auch</strong></span> 
     </span>
     <span class='ocr_line' id='line_1_43' title="bbox 442 3444 1463 3511; baseline -0.001 -13"><span class='ocrx_word' id='word_1_343' title='bbox 442 3446 711 3498; x_wconf 83' lang='lat' dir='ltr'><strong>bisweilen</strong></span> <span class='ocrx_word' id='word_1_344' title='bbox 736 3444 1001 3495; x_wconf 73' lang='lat' dir='ltr'><strong>Poenulus</strong></span> <span class='ocrx_word' id='word_1_345' title='bbox 1035 3449 1261 3511; x_wconf 79' lang='lat' dir='ltr'><strong>genennt</strong></span> <span class='ocrx_word' id='word_1_346' title='bbox 1294 3444 1463 3506; x_wconf 79' lang='lat' dir='ltr'><strong>wird).</strong></span> 
     </span>
    </p>

    <p class='ocr_par' dir='ltr' id='par_1_12' title="bbox 441 3510 1468 3835">
     <span class='ocr_line' id='line_1_44' title="bbox 508 3510 1463 3578; baseline 0.001 -14"><span class='ocrx_word' id='word_1_347' title='bbox 508 3516 792 3564; x_wconf 79' lang='lat' dir='ltr'><strong>verborum</strong></span> <span class='ocrx_word' id='word_1_348' title='bbox 827 3512 1029 3578; x_wconf 72' lang='lat' dir='ltr'><strong>opifex.</strong></span> <span class='ocrx_word' id='word_1_349' title='bbox 1076 3512 1149 3564; x_wconf 89' lang='lat' dir='ltr'><strong>De</strong></span> <span class='ocrx_word' id='word_1_350' title='bbox 1183 3510 1273 3565; x_wconf 89' lang='lat' dir='ltr'><strong>fin.</strong></span> <span class='ocrx_word' id='word_1_351' title='bbox 1308 3511 1386 3563; x_wconf 88' lang='lat'>111.</span> <span class='ocrx_word' id='word_1_352' title='bbox 1413 3515 1463 3578; x_wconf 83' lang='lat'><strong>2,</strong></span> 
     </span>
     <span class='ocr_line' id='line_1_45' title="bbox 444 3581 1466 3634; baseline -0.003 -1"><span class='ocrx_word' id='word_1_353' title='bbox 444 3585 498 3634; x_wconf 84' lang='lat'><strong>5:</strong></span> <span class='ocrx_word' id='word_1_354' title='bbox 543 3581 690 3631; x_wconf 85' lang='lat' dir='ltr'><strong>Zeno</strong></span> <span class='ocrx_word' id='word_1_355' title='bbox 735 3608 806 3620; x_wconf 90' lang='lat'>—</span> <span class='ocrx_word' id='word_1_356' title='bbox 852 3597 958 3632; x_wconf 91' lang='lat' dir='ltr'><strong>non</strong></span> <span class='ocrx_word' id='word_1_357' title='bbox 1006 3585 1116 3631; x_wconf 88' lang='lat' dir='ltr'><strong>tam</strong></span> <span class='ocrx_word' id='word_1_358' title='bbox 1157 3595 1340 3631; x_wconf 79' lang='lat' dir='ltr'><strong>rerum</strong></span> <span class='ocrx_word' id='word_1_359' title='bbox 1383 3584 1466 3631; x_wconf 78' lang='lat' dir='ltr'><strong>in-</strong></span> 
     </span>
     <span class='ocr_line' id='line_1_46' title="bbox 441 3646 1468 3715; baseline 0.001 -17"><span class='ocrx_word' id='word_1_360' title='bbox 441 3655 631 3699; x_wconf 77' lang='lat' dir='ltr'><strong>ventor</strong></span> <span class='ocrx_word' id='word_1_361' title='bbox 681 3646 794 3708; x_wconf 78' lang='lat' dir='ltr'><strong>fuit</strong></span> <span class='ocrx_word' id='word_1_362' title='bbox 839 3664 999 3715; x_wconf 80' lang='lat' dir='ltr'><strong>quam</strong></span> <span class='ocrx_word' id='word_1_363' title='bbox 1044 3650 1327 3699; x_wconf 76' lang='lat' dir='ltr'><strong>verborum</strong></span> <span class='ocrx_word' id='word_1_364' title='bbox 1371 3664 1468 3700; x_wconf 87' lang='lat' dir='ltr'><strong>no-</strong></span> 
     </span>
     <span class='ocr_line' id='line_1_47' title="bbox 443 3714 1463 3780; baseline 0.002 -14"><span class='ocrx_word' id='word_1_365' title='bbox 443 3731 656 3777; x_wconf 82' lang='lat' dir='ltr'><strong>vorum3</strong></span> <span class='ocrx_word' id='word_1_366' title='bbox 705 3714 835 3767; x_wconf 89' lang='lat' dir='ltr'><strong>oben</strong></span> <span class='ocrx_word' id='word_1_367' title='bbox 869 3716 954 3768; x_wconf 86' lang='lat' dir='ltr'><strong>IV.</strong></span> <span class='ocrx_word' id='word_1_368' title='bbox 990 3718 1040 3780; x_wconf 87' lang='lat'><strong>3,</strong></span> <span class='ocrx_word' id='word_1_369' title='bbox 1077 3719 1133 3769; x_wconf 86' lang='lat'><strong>6:</strong></span> <span class='ocrx_word' id='word_1_370' title='bbox 1178 3716 1317 3766; x_wconf 78' lang='lat' dir='ltr'><strong>idem</strong></span> <span class='ocrx_word' id='word_1_371' title='bbox 1352 3717 1463 3768; x_wconf 74' lang='lat' dir='ltr'><strong>alio</strong></span> 
     </span>
     <span class='ocr_line' id='line_1_48' title="bbox 444 3784 1178 3835; baseline 0.001 -1"><span class='ocrx_word' id='word_1_372' title='bbox 444 3784 602 3835; x_wconf 85' lang='lat' dir='ltr'><strong>modo</strong></span> <span class='ocrx_word' id='word_1_373' title='bbox 639 3784 933 3834; x_wconf 71' lang='lat' dir='ltr'><strong>dicentibus</strong></span> <span class='ocrx_word' id='word_1_374' title='bbox 969 3784 1178 3835; x_wconf 77' lang='lat' dir='ltr'><strong>Stoicis.</strong></span> 
     </span>
    </p>

    <p class='ocr_par' dir='ltr' id='par_1_13' title="bbox 515 3849 1459 3905">
     <span class='ocr_line' id='line_1_49' title="bbox 515 3849 1459 3905; baseline 0.002 -2"><span class='ocrx_word' id='word_1_375' title='bbox 515 3853 559 3904; x_wconf 88' lang='grc'><strong>6.</strong></span> <span class='ocrx_word' id='word_1_376' title='bbox 584 3853 885 3903; x_wconf 74' lang='lat' dir='ltr'><strong>insinuasse</strong></span> <span class='ocrx_word' id='word_1_377' title='bbox 905 3868 977 3905; x_wconf 87' lang='lat' dir='ltr'><strong>se.</strong></span> <span class='ocrx_word' id='word_1_378' title='bbox 1014 3851 1158 3903; x_wconf 84' lang='lat' dir='ltr'><strong>Auch</strong></span> <span class='ocrx_word' id='word_1_379' title='bbox 1178 3849 1268 3903; x_wconf 87' lang='lat' dir='ltr'><strong>das</strong></span> <span class='ocrx_word' id='word_1_380' title='bbox 1292 3852 1459 3905; x_wconf 85' lang='lat' dir='ltr'><strong>blosse</strong></span> 
     </span>
    </p>
   </div>
   <div class='ocr_carea' id='block_1_8' title="bbox 1563 2419 2600 3922">
    <p class='ocr_par' dir='ltr' id='par_1_14' title="bbox 1569 2419 2149 2488">
     <span class='ocr_line' id='line_1_50' title="bbox 1569 2419 2149 2488; baseline 0.005 -15"><span class='ocrx_word' id='word_1_381' title='bbox 1569 2419 1834 2488; x_wconf 79' lang='lat' dir='ltr'><strong>Fragende</strong></span> <span class='ocrx_word' id='word_1_382' title='bbox 1871 2423 1941 2474; x_wconf 90' lang='lat' dir='ltr'><strong>ist</strong></span> <span class='ocrx_word' id='word_1_383' title='bbox 1975 2420 2149 2478; x_wconf 78' lang='lat' dir='ltr'><strong>Polus,</strong></span> 
     </span>
    </p>

    <p class='ocr_par' dir='ltr' id='par_1_15' title="bbox 1565 2488 2594 2761">
     <span class='ocr_line' id='line_1_51' title="bbox 1627 2488 2594 2556; baseline 0 -13"><span class='ocrx_word' id='word_1_384' title='bbox 1627 2493 1706 2543; x_wconf 91' lang='grc'><strong>10.</strong></span> <span class='ocrx_word' id='word_1_385' title='bbox 1724 2490 2040 2556; x_wconf 80' lang='lat' dir='ltr'><strong>Archelaus,</strong></span> <span class='ocrx_word' id='word_1_386' title='bbox 2060 2489 2203 2542; x_wconf 89' lang='lat' dir='ltr'><strong>Sohn</strong></span> <span class='ocrx_word' id='word_1_387' title='bbox 2213 2490 2305 2542; x_wconf 90' lang='lat' dir='ltr'><strong>des</strong></span> <span class='ocrx_word' id='word_1_388' title='bbox 2322 2488 2594 2543; x_wconf 85' lang='lat' dir='ltr'><strong>Perdiccas</strong></span> 
     </span>
     <span class='ocr_line' id='line_1_52' title="bbox 1565 2556 2587 2624; baseline 0.001 -14"><span class='ocrx_word' id='word_1_389' title='bbox 1565 2556 1640 2621; x_wconf 80' lang='grc'><strong>11,,</strong></span> <span class='ocrx_word' id='word_1_390' title='bbox 1678 2557 1849 2624; x_wconf 73' lang='lat' dir='ltr'><strong>Konig</strong></span> <span class='ocrx_word' id='word_1_391' title='bbox 1882 2573 1986 2609; x_wconf 83' lang='lat' dir='ltr'><strong>von</strong></span> <span class='ocrx_word' id='word_1_392' title='bbox 2009 2557 2366 2624; x_wconf 80' lang='lat' dir='ltr'><strong>Macedonien,</strong></span> <span class='ocrx_word' id='word_1_393' title='bbox 2405 2561 2587 2611; x_wconf 86' lang='lat'><strong>413—</strong></span> 
     </span>
     <span class='ocr_line' id='line_1_53' title="bbox 1567 2624 2593 2690; baseline 0 -12"><span class='ocrx_word' id='word_1_394' title='bbox 1567 2628 1668 2679; x_wconf 82' lang='lat'><strong>399</strong></span> <span class='ocrx_word' id='word_1_395' title='bbox 1692 2641 1743 2677; x_wconf 75' lang='lat' dir='ltr'><strong>v.</strong></span> <span class='ocrx_word' id='word_1_396' title='bbox 1770 2625 1902 2690; x_wconf 65' lang='lat' dir='ltr'><strong>Chr„</strong></span> <span class='ocrx_word' id='word_1_397' title='bbox 1935 2624 2134 2678; x_wconf 85' lang='lat' dir='ltr'><strong>Freund</strong></span> <span class='ocrx_word' id='word_1_398' title='bbox 2160 2627 2264 2678; x_wconf 86' lang='lat' dir='ltr'><strong>und</strong></span> <span class='ocrx_word' id='word_1_399' title='bbox 2289 2625 2593 2679; x_wconf 78' lang='lat' dir='ltr'><strong>Beforderer</strong></span> 
     </span>
     <span class='ocr_line' id='line_1_54' title="bbox 1568 2692 2594 2761; baseline 0.003 -16"><span class='ocrx_word' id='word_1_400' title='bbox 1568 2694 1758 2760; x_wconf 77' lang='lat' dir='ltr'><strong>griech.</strong></span> <span class='ocrx_word' id='word_1_401' title='bbox 1807 2692 2031 2761; x_wconf 78' lang='lat' dir='ltr'><strong>Bildung</strong></span> <span class='ocrx_word' id='word_1_402' title='bbox 2065 2694 2150 2746; x_wconf 86' lang='lat' dir='ltr'><strong>bei</strong></span> <span class='ocrx_word' id='word_1_403' title='bbox 2187 2696 2379 2747; x_wconf 88' lang='lat' dir='ltr'><strong>seinem</strong></span> <span class='ocrx_word' id='word_1_404' title='bbox 2406 2693 2594 2749; x_wconf 83' lang='lat' dir='ltr'><strong>Volke.</strong></span> 
     </span>
    </p>

    <p class='ocr_par' dir='ltr' id='par_1_16' title="bbox 1565 2762 2598 3087">
     <span class='ocr_line' id='line_1_55' title="bbox 1642 2762 2595 2826; baseline 0 -12"><span class='ocrx_word' id='word_1_405' title='bbox 1642 2765 1720 2815; x_wconf 81' lang='grc'><strong>11.</strong></span> <span class='ocrx_word' id='word_1_406' title='bbox 1764 2764 2063 2826; x_wconf 75' lang='lat' dir='ltr'><strong>haberetur,</strong></span> <span class='ocrx_word' id='word_1_407' title='bbox 2101 2776 2143 2815; x_wconf 83' lang='lat' dir='ltr'><strong>S.</strong></span> <span class='ocrx_word' id='word_1_408' title='bbox 2180 2778 2242 2816; x_wconf 81' lang='lat' dir='ltr'><strong>zu</strong></span> <span class='ocrx_word' id='word_1_409' title='bbox 2277 2762 2353 2815; x_wconf 82' lang='grc' dir='ltr'><strong>ΠΙ.</strong></span> <span class='ocrx_word' id='word_1_410' title='bbox 2378 2766 2462 2816; x_wconf 83' lang='grc'><strong>29.</strong></span> <span class='ocrx_word' id='word_1_411' title='bbox 2501 2766 2595 2816; x_wconf 85' lang='lat'><strong>71:</strong></span> 
     </span>
     <span class='ocr_line' id='line_1_56' title="bbox 1566 2830 2597 2897; baseline 0 -15"><span class='ocrx_word' id='word_1_412' title='bbox 1566 2835 1843 2882; x_wconf 79' lang='lat' dir='ltr'><strong>convertat</strong></span> <span class='ocrx_word' id='word_1_413' title='bbox 1889 2846 1940 2881; x_wconf 89' lang='lat' dir='ltr'><strong>u.</strong></span> <span class='ocrx_word' id='word_1_414' title='bbox 1985 2830 2092 2897; x_wconf 79' lang='lat' dir='ltr'><strong>vgl.</strong></span> <span class='ocrx_word' id='word_1_415' title='bbox 2140 2830 2196 2883; x_wconf 84' lang='lat'><strong>11.</strong></span> <span class='ocrx_word' id='word_1_416' title='bbox 2234 2833 2283 2894; x_wconf 88' lang='grc'><strong>4,</strong></span> <span class='ocrx_word' id='word_1_417' title='bbox 2323 2833 2412 2884; x_wconf 82' lang='lat'><strong>12:</strong></span> <span class='ocrx_word' id='word_1_418' title='bbox 2460 2832 2597 2882; x_wconf 78' lang='lat' dir='ltr'><strong>velit</strong></span> 
     </span>
     <span class='ocr_line' id='line_1_57' title="bbox 1565 2898 2598 2963; baseline 0.002 -14"><span class='ocrx_word' id='word_1_419' title='bbox 1565 2914 1617 2953; x_wconf 90' lang='lat' dir='ltr'><strong>u.</strong></span> <span class='ocrx_word' id='word_1_420' title='bbox 1633 2904 1827 2963; x_wconf 81' lang='lat' dir='ltr'><strong>peccet.</strong></span> <span class='ocrx_word' id='word_1_421' title='bbox 1881 2898 2043 2949; x_wconf 84' lang='lat' dir='ltr'><strong>Haud</strong></span> <span class='ocrx_word' id='word_1_422' title='bbox 2064 2902 2175 2950; x_wconf 80' lang='lat' dir='ltr'><strong>scio</strong></span> <span class='ocrx_word' id='word_1_423' title='bbox 2199 2900 2434 2951; x_wconf 87' lang='lat' dir='ltr'><strong>verneint</strong></span> <span class='ocrx_word' id='word_1_424' title='bbox 2451 2899 2598 2951; x_wconf 86' lang='lat' dir='ltr'><strong>nicht</strong></span> 
     </span>
     <span class='ocr_line' id='line_1_58' title="bbox 1565 2961 2596 3030; baseline 0.002 -13"><span class='ocrx_word' id='word_1_425' title='bbox 1565 2981 1624 3017; x_wconf 90' lang='lat' dir='ltr'><strong>so</strong></span> <span class='ocrx_word' id='word_1_426' title='bbox 1658 2967 1921 3019; x_wconf 87' lang='lat' dir='ltr'><strong>bestimmt</strong></span> <span class='ocrx_word' id='word_1_427' title='bbox 1947 2967 2048 3019; x_wconf 88' lang='lat' dir='ltr'><strong>wie</strong></span> <span class='ocrx_word' id='word_1_428' title='bbox 2083 2970 2291 3030; x_wconf 79' lang='lat' dir='ltr'><strong>nesc2‘03</strong></span> <span class='ocrx_word' id='word_1_429' title='bbox 2330 2972 2467 3019; x_wconf 83' lang='lat' dir='ltr'><strong>etwa</strong></span> <span class='ocrx_word' id='word_1_430' title='bbox 2490 2961 2596 3019; x_wconf 88' lang='lat' dir='ltr'><strong>‘ich</strong></span> 
     </span>
     <span class='ocr_line' id='line_1_59' title="bbox 1566 3026 2182 3087; baseline 0.003 -2"><span class='ocrx_word' id='word_1_431' title='bbox 1566 3035 1719 3087; x_wconf 72' lang='lat' dir='ltr'><strong>weiss</strong></span> <span class='ocrx_word' id='word_1_432' title='bbox 1746 3050 1802 3087; x_wconf 90' lang='lat' dir='ltr'><strong>es</strong></span> <span class='ocrx_word' id='word_1_433' title='bbox 1839 3035 1969 3087; x_wconf 86' lang='lat' dir='ltr'><strong>eben</strong></span> <span class='ocrx_word' id='word_1_434' title='bbox 2007 3026 2182 3087; x_wconf 87' lang='lat' dir='ltr'><strong>nicht&#39;.</strong></span> 
     </span>
    </p>

    <p class='ocr_par' dir='ltr' id='par_1_17' title="bbox 1563 3097 2600 3922">
     <span class='ocr_line' id='line_1_60' title="bbox 1637 3097 2597 3170; baseline -0.001 -14"><span class='ocrx_word' id='word_1_435' title='bbox 1637 3105 1716 3156; x_wconf 83' lang='lat'><strong>19.</strong></span> <span class='ocrx_word' id='word_1_436' title='bbox 1765 3106 1823 3154; x_wconf 67' lang='lat' dir='ltr'><strong>in</strong></span> <span class='ocrx_word' id='word_1_437' title='bbox 1862 3103 2160 3169; x_wconf 80' lang='lat' dir='ltr'><strong>Epitaphio</strong></span> <span class='ocrx_word' id='word_1_438' title='bbox 2206 3098 2256 3166; x_wconf 83' lang='grc' dir='ltr'><strong>(ὅ</strong></span> <span class='ocrx_word' id='word_1_439' title='bbox 2291 3097 2597 3170; x_wconf 73' lang='grc' dir='ltr'>ἐπιτάφιος,</span> 
     </span>
     <span class='ocr_line' id='line_1_61' title="bbox 1564 3166 2600 3242; baseline 0.001 -20"><span class='ocrx_word' id='word_1_440' title='bbox 1564 3185 1636 3222; x_wconf 90' lang='lat' dir='ltr'><strong>sc.</strong></span> <span class='ocrx_word' id='word_1_441' title='bbox 1663 3166 1837 3242; x_wconf 68' lang='grc' dir='ltr'>λόγος)</span> <span class='ocrx_word' id='word_1_442' title='bbox 1872 3170 1919 3222; x_wconf 89' lang='lat' dir='ltr'><strong>d.</strong></span> <span class='ocrx_word' id='word_1_443' title='bbox 1945 3171 1995 3223; x_wconf 89' lang='lat' dir='ltr'><strong>b.</strong></span> <span class='ocrx_word' id='word_1_444' title='bbox 2025 3172 2078 3223; x_wconf 90' lang='lat' dir='ltr'><strong>in</strong></span> <span class='ocrx_word' id='word_1_445' title='bbox 2115 3170 2330 3223; x_wconf 80' lang='lat' dir='ltr'><strong>Platons</strong></span> <span class='ocrx_word' id='word_1_446' title='bbox 2354 3169 2600 3223; x_wconf 86' lang='lat' dir='ltr'><strong>Menexe—</strong></span> 
     </span>
     <span class='ocr_line' id='line_1_62' title="bbox 1564 3231 2594 3324; baseline 0 -34"><span class='ocrx_word' id='word_1_447' title='bbox 1564 3253 1692 3302; x_wconf 76' lang='lat' dir='ltr'><strong>nuS,</strong></span> <span class='ocrx_word' id='word_1_448' title='bbox 1738 3255 1822 3291; x_wconf 84' lang='lat' dir='ltr'><strong>wo</strong></span> <span class='ocrx_word' id='word_1_449' title='bbox 1875 3253 1931 3290; x_wconf 86' lang='lat' dir='ltr'><strong>es</strong></span> <span class='ocrx_word' id='word_1_450' title='bbox 1964 3255 2018 3324; x_wconf 77' lang='lat' dir='ltr'><strong>p.</strong></span> <span class='ocrx_word' id='word_1_451' title='bbox 2056 3241 2153 3293; x_wconf 87' lang='lat'><strong>247</strong></span> <span class='ocrx_word' id='word_1_452' title='bbox 2180 3255 2210 3291; x_wconf 91' lang='lat' dir='ltr'><strong>e</strong></span> <span class='ocrx_word' id='word_1_453' title='bbox 2245 3239 2425 3291; x_wconf 86' lang='lat' dir='ltr'><strong>heisst:</strong></span> <span class='ocrx_word' id='word_1_454' title='bbox 2474 3231 2594 3305; x_wconf 78' lang='grc' dir='ltr'><strong>ὅτῳ</strong></span> 
     </span>
     <span class='ocr_line' id='line_1_63' title="bbox 1563 3301 2597 3378; baseline 0.003 -22"><span class='ocrx_word' id='word_1_455' title='bbox 1563 3303 1671 3378; x_wconf 78' lang='grc' dir='ltr'><strong>γὰρ</strong></span> <span class='ocrx_word' id='word_1_456' title='bbox 1723 3301 1883 3376; x_wconf 75' lang='grc' dir='ltr'><strong><em>ἀνδρὶ</em></strong></span> <span class='ocrx_word' id='word_1_457' title='bbox 1931 3322 2005 3359; x_wconf 72' lang='grc' dir='ltr'><strong>εις</strong></span> <span class='ocrx_word' id='word_1_458' title='bbox 2048 3303 2247 3360; x_wconf 77' lang='grc' dir='ltr'><strong><em>ἑαυτὸν</em></strong></span> <span class='ocrx_word' id='word_1_459' title='bbox 2287 3302 2597 3375; x_wconf 78' lang='grc' dir='ltr'><strong><em>ἀνήρτηται</em></strong></span> 
     </span>
     <span class='ocr_line' id='line_1_64' title="bbox 1566 3370 2599 3444; baseline -0.002 -16"><span class='ocrx_word' id='word_1_460' title='bbox 1566 3370 1756 3428; x_wconf 82' lang='grc' dir='ltr'><strong><em>πάντα</em></strong></span> <span class='ocrx_word' id='word_1_461' title='bbox 1801 3372 1881 3428; x_wconf 81' lang='grc' dir='ltr'><strong>τὰ</strong></span> <span class='ocrx_word' id='word_1_462' title='bbox 1929 3371 2090 3444; x_wconf 71' lang='grc' dir='ltr'><strong><em>πρὸς</em></strong></span> <span class='ocrx_word' id='word_1_463' title='bbox 2140 3371 2599 3442; x_wconf 70' lang='grc' dir='ltr'><strong><em>εὐδαιμονίαν</em></strong></span> 
     </span>
     <span class='ocr_line' id='line_1_65' title="bbox 1566 3439 2598 3515; baseline 0.001 -22"><span class='ocrx_word' id='word_1_464' title='bbox 1566 3446 1868 3512; x_wconf 76' lang='grc' dir='ltr'><strong><em>φέροντα</em></strong></span> <span class='ocrx_word' id='word_1_465' title='bbox 1928 3439 1964 3510; x_wconf 83' lang='grc' dir='ltr'>ἢ</span> <span class='ocrx_word' id='word_1_466' title='bbox 2025 3440 2177 3515; x_wconf 74' lang='grc' dir='ltr'><em>ἐγγὺς</em></span> <span class='ocrx_word' id='word_1_467' title='bbox 2238 3442 2433 3495; x_wconf 82' lang='grc' dir='ltr'><strong><em>τούτου</em></strong></span> <span class='ocrx_word' id='word_1_468' title='bbox 2500 3446 2598 3494; x_wconf 79' lang='grc' dir='ltr'><strong>καὶ</strong></span> 
     </span>
     <span class='ocr_line' id='line_1_66' title="bbox 1569 3506 2596 3580; baseline 0 -18"><span class='ocrx_word' id='word_1_469' title='bbox 1569 3508 1646 3578; x_wconf 85' lang='grc' dir='ltr'><strong>μὴ</strong></span> <span class='ocrx_word' id='word_1_470' title='bbox 1683 3512 1744 3564; x_wconf 80' lang='grc' dir='ltr'><strong>ἐν</strong></span> <span class='ocrx_word' id='word_1_471' title='bbox 1776 3508 1957 3564; x_wconf 74' lang='grc' dir='ltr'><strong><em>ἄλλοις</em></strong></span> <span class='ocrx_word' id='word_1_472' title='bbox 2002 3506 2332 3580; x_wconf 73' lang='grc' dir='ltr'><strong><em>ἀνθρώποις</em></strong></span> <span class='ocrx_word' id='word_1_473' title='bbox 2379 3510 2596 3579; x_wconf 75' lang='grc' dir='ltr'><strong><em>αἰωρεῖ-</em></strong></span> 
     </span>
     <span class='ocr_line' id='line_1_67' title="bbox 1568 3567 2595 3648; baseline -0.002 -17"><span class='ocrx_word' id='word_1_474' title='bbox 1568 3598 1663 3631; x_wconf 85' lang='grc' dir='ltr'><strong>ται</strong></span> <span class='ocrx_word' id='word_1_475' title='bbox 1714 3579 1775 3641; x_wconf 69' lang='grc' dir='ltr'><strong>ὀξ</strong></span> <span class='ocrx_word' id='word_1_476' title='bbox 1826 3567 1909 3632; x_wconf 68' lang='grc' dir='ltr'><strong>ὧν</strong></span> <span class='ocrx_word' id='word_1_477' title='bbox 1959 3573 1994 3646; x_wconf 83' lang='grc' dir='ltr'><em>ἢ</em></span> <span class='ocrx_word' id='word_1_478' title='bbox 2040 3568 2112 3630; x_wconf 61' lang='grc' dir='ltr'><strong>εἶ’</strong></span> <span class='ocrx_word' id='word_1_479' title='bbox 2140 3575 2175 3645; x_wconf 85' lang='grc' dir='ltr'>ἢ</span> <span class='ocrx_word' id='word_1_480' title='bbox 2225 3578 2402 3631; x_wconf 66' lang='grc' dir='ltr'><strong><em>κακῶς</em></strong></span> <span class='ocrx_word' id='word_1_481' title='bbox 2451 3597 2595 3648; x_wconf 81' lang='grc' dir='ltr'><strong><em>πρα-</em></strong></span> 
     </span>
     <span class='ocr_line' id='line_1_68' title="bbox 1568 3642 2596 3718; baseline 0.002 -20"><span class='ocrx_word' id='word_1_482' title='bbox 1568 3643 1793 3708; x_wconf 80' lang='grc' dir='ltr'><strong><em>ξάντων</em></strong></span> <span class='ocrx_word' id='word_1_483' title='bbox 1861 3644 2214 3704; x_wconf 73' lang='grc' dir='ltr'><strong><em>πλανᾶσθαι,</em></strong></span> <span class='ocrx_word' id='word_1_484' title='bbox 2255 3642 2596 3718; x_wconf 78' lang='grc' dir='ltr'><strong><em>ἠνάγκασται</em></strong></span> 
     </span>
     <span class='ocr_line' id='line_1_69' title="bbox 1565 3710 2593 3784; baseline 0.006 -18"><span class='ocrx_word' id='word_1_485' title='bbox 1565 3718 1657 3767; x_wconf 83' lang='grc' dir='ltr'><strong>καὶ</strong></span> <span class='ocrx_word' id='word_1_486' title='bbox 1714 3714 1783 3767; x_wconf 81' lang='grc' dir='ltr'><strong>τὰ</strong></span> <span class='ocrx_word' id='word_1_487' title='bbox 1843 3717 2048 3769; x_wconf 74' lang='grc' dir='ltr'><strong><em>ἐκείνου</em></strong></span> <span class='ocrx_word' id='word_1_488' title='bbox 2066 3755 2081 3781; x_wconf 90' lang='grc'>,</span> <span class='ocrx_word' id='word_1_489' title='bbox 2147 3713 2329 3780; x_wconf 76' lang='grc' dir='ltr'><strong><em>τούτῳ</em></strong></span> <span class='ocrx_word' id='word_1_490' title='bbox 2389 3710 2593 3784; x_wconf 78' lang='grc' dir='ltr'><strong><em>ἄριστα</em></strong></span> 
     </span>
     <span class='ocr_line' id='line_1_70' title="bbox 1564 3770 2595 3867; baseline 0 -30"><span class='ocrx_word' id='word_1_491' title='bbox 1564 3780 2000 3850; x_wconf 78' lang='grc' dir='ltr'><strong><em>παρεσκεύασται</em></strong></span> <span class='ocrx_word' id='word_1_492' title='bbox 2052 3786 2175 3867; x_wconf 48' lang='lat' dir='ltr'><strong>gig,</strong></span> <span class='ocrx_word' id='word_1_493' title='bbox 2229 3770 2386 3836; x_wconf 66' lang='grc' dir='ltr'><em>οὗτός</em></span> <span class='ocrx_word' id='word_1_494' title='bbox 2436 3785 2595 3837; x_wconf 76' lang='grc' dir='ltr'><strong><em>ἐστιν</em></strong></span> 
     </span>
     <span class='ocr_line' id='line_1_71' title="bbox 1563 3844 2594 3922; baseline 0.004 -20"><span class='ocrx_word' id='word_1_495' title='bbox 1563 3845 1593 3902; x_wconf 81' lang='grc' dir='ltr'>ὁ</span> <span class='ocrx_word' id='word_1_496' title='bbox 1644 3850 1890 3921; x_wconf 78' lang='grc' dir='ltr'><strong><em>σώφρων</em></strong></span> <span class='ocrx_word' id='word_1_497' title='bbox 1936 3855 2026 3904; x_wconf 79' lang='grc' dir='ltr'><strong>καὶ</strong></span> <span class='ocrx_word' id='word_1_498' title='bbox 2075 3868 2231 3904; x_wconf 68' lang='grc' dir='ltr'><strong><em>ουτος</em></strong></span> <span class='ocrx_word' id='word_1_499' title='bbox 2278 3846 2294 3866; x_wconf 90' lang='lat'><em>‘</em></span> <span class='ocrx_word' id='word_1_500' title='bbox 2343 3844 2594 3922; x_wconf 72' lang='grc' dir='ltr'><strong><em>ἀνδρεῖος</em></strong></span> 
     </span>
    </p>
   </div>
   <div class='ocr_carea' id='block_1_9' title="bbox 2651 700 2680 751">
    <p class='ocr_par' dir='ltr' id='par_1_18' title="bbox 2651 700 2680 751">
     <span class='ocr_line' id='line_1_72' title="bbox 2651 700 2680 751; baseline 0 0"><span class='ocrx_word' id='word_1_501' title='bbox 2651 700 2680 751; x_wconf 84' lang='grc'>5</span> 
     </span>
    </p>
   </div>
   <div class='ocr_carea' id='block_1_10' title="bbox 2652 1125 2710 1177">
    <p class='ocr_par' dir='ltr' id='par_1_19' title="bbox 2652 1125 2710 1177">
     <span class='ocr_line' id='line_1_73' title="bbox 2652 1125 2710 1177; baseline -0.017 0"><span class='ocrx_word' id='word_1_502' title='bbox 2652 1125 2710 1177; x_wconf 87' lang='grc'><strong>10</strong></span> 
     </span>
    </p>
   </div>
   <div class='ocr_carea' id='block_1_11' title="bbox 2650 1550 2708 1602">
    <p class='ocr_par' dir='ltr' id='par_1_20' title="bbox 2650 1550 2708 1602">
     <span class='ocr_line' id='line_1_74' title="bbox 2650 1550 2708 1602; baseline -0.017 0"><span class='ocrx_word' id='word_1_503' title='bbox 2650 1550 2708 1602; x_wconf 82' lang='grc'><strong>15</strong></span> 
     </span>
    </p>
   </div>
   <div class='ocr_carea' id='block_1_12' title="bbox 2790 889 2799 1190">
    <p class='ocr_par' dir='ltr' id='par_1_21' title="bbox 2790 889 2799 1190">
     <span class='ocr_line' id='line_1_75' title="bbox 2790 889 2799 1190; baseline 0 3127"><span class='ocrx_word' id='word_1_504' title='bbox 2790 889 2799 1190; x_wconf 95' lang='lat' dir='ltr'><strong> </strong></span> 
     </span>
    </p>
   </div>
   <div class='ocr_carea' id='block_1_13' title="bbox 2791 1363 2799 1608">
    <p class='ocr_par' dir='ltr' id='par_1_22' title="bbox 2791 1363 2799 1608">
     <span class='ocr_line' id='line_1_76' title="bbox 2791 1363 2799 1608; baseline 0 2709"><span class='ocrx_word' id='word_1_505' title='bbox 2791 1363 2799 1608; x_wconf 95' lang='lat' dir='ltr'><strong> </strong></span> 
     </span>
    </p>
   </div>
  </div>
 </body>
</html>
