2834 4317
361 1386 438 1442 38

479 208 600 271 102

1170 209 1359 262 usna
1394 208 1477 262 1v.
1518 212 1600 276 37,
1621 211 1702 263 81.
1738 212 1821 276 38,
1842 211 1924 263 82.

470 382 704 457 dicitur,
734 400 871 443 cum
899 383 1081 444 multa
1110 383 1172 444 in
1205 391 1506 444 conventu
1530 382 1664 443 vitia
1697 381 2052 462 conlegisset
2081 382 2142 442 in
2174 400 2313 442 eum
2336 381 2626 461 ZopyruS‚

474 467 577 548 qui
599 487 663 530 se
686 476 955 529 naturam
980 468 1268 547 cuiusque
1293 487 1364 529 ex
1386 468 1576 529 forma
1600 465 2369 549 perspicereprofitebatur,
2393 466 2629 528 derisus

358 605 363 632 ι
471 563 560 615 est
590 571 622 614 a
651 553 893 628 ceteris,
936 554 1038 633 qui
1069 553 1166 614 illa
1197 552 1257 614 in
1291 553 1536 614 Socrate
1577 552 1714 614 vitia
1747 572 1870 614 non
1912 559 2339 631 agnoscerent,
2385 550 2460 612 ab
2490 551 2625 631 ipso

470 649 668 701 autem
699 638 941 700 Socrate
973 639 1337 712 sublevatus,
1380 656 1518 699 cum
1550 638 1646 699 illa
1685 637 1794 700 sibi
1828 638 2035 713 insita,
2078 638 2181 699 sed
2222 637 2452 698 ratione
2494 655 2527 697 a
2559 653 2626 698 se

363 735 421 786 81
466 724 691 785 deiecta
741 724 980 785 diceret.
1071 723 1229 801 Ergo
1282 731 1349 784 ut
1399 731 1641 803 optuma
1686 723 1939 802 quisque
1982 722 2315 785 valetudine
2354 723 2623 783 adfectus
2671 736 2736 786 5·

465 817 664 889 potest
690 808 874 869 videri
905 816 1116 871 natura
1146 809 1218 870 ad
1259 808 1511 888 aliquem
1556 807 1834 870 morbum
1877 807 2226 890 proclivior,
2271 807 2356 870 sic
2385 808 2623 869 animus

465 893 614 955 alius
643 894 714 954 ad
745 894 854 955 alia
882 894 1017 956 vitia
1047 894 1420 974 propensior.
1482 892 1597 965 Qui
1627 902 1824 955 autem
1856 911 1977 954 non
2011 901 2250 968 natura,
2297 893 2398 955 sed
2444 893 2622 972 culpa
2713 889 2722 897 '

463 978 655 1040 vitiosi
698 997 825 1041 esse
861 979 1172 1055 dicuntur,
1217 997 1425 1040 eorum
1467 978 1603 1040 vitia
1648 986 1925 1040 constant
1965 998 1998 1039 e
2026 978 2187 1040 falsis
2233 978 2622 1058 opinionibus

464 1081 667 1124 rerum
696 1064 987 1126 bonarum
1019 1073 1078 1126 et
1108 1064 1424 1139 malarum,
1469 1073 1534 1125 ut
1556 1064 1630 1125 sit
1662 1064 1809 1126 alius
1850 1064 1919 1124 ad
1967 1064 2112 1124 alios
2156 1072 2354 1125 motus
2380 1071 2620 1143 pertur-

464 1147 853 1229 bationesque
901 1150 1240 1229 proclivior.
1325 1149 1680 1210 Inveteratio
1731 1157 1960 1224 autem,
2015 1158 2085 1210 ut
2128 1148 2189 1209 in
2242 1147 2618 1228 corporibuS,

463 1235 698 1313 aegrius
732 1234 1051 1315 depellitur
1092 1254 1267 1314 quam
1306 1233 1711 1315 perturbatio,
1757 1234 2051 1313 citiusque
2090 1234 2441 1314 repentinus
2471 1252 2616 1295 ocu-

464 1318 657 1381 lorum
688 1331 886 1382 tumor
914 1329 1173 1395 sanatur,
1209 1339 1385 1400 quam
1415 1319 1696 1381 diuturna
1725 1319 2014 1399 lippitudo
2046 1319 2381 1398 depellitur.

633 1405 748 1467 Sed
780 1406 1014 1485 cognita
1045 1406 1161 1466 iam
1193 1424 1368 1467 causa
1398 1405 1911 1485 perturbationum
1930 1448 1946 1479 ,
1988 1422 2139 1483 quae
2169 1423 2378 1465 omnes
2408 1404 2619 1465 oriun-

359 1468 419 1520 82
460 1497 561 1552 tur
590 1509 660 1552 ex
703 1490 935 1553 iudiciis
984 1491 1333 1572 opinionum
1382 1499 1442 1551 et
1482 1489 1914 1564 voluntatibus,
1958 1490 2033 1551 sit
2062 1490 2176 1550 iam
2208 1489 2383 1550 huius
2411 1489 2620 1570 dispu-

534 1611 578 1660 1.
615 1608 931 1674 conlegisset
962 1611 1022 1659 in
1056 1625 1191 1673 eum,
1236 1609 1490 1676 pragnant

459 1675 568 1727 fiir:
615 1678 677 1726 in
713 1676 933 1727 Socrate
977 1678 1214 1728 conlecta
1263 1681 1322 1728 in
1374 1680 1489 1727 eim

462 1745 808 1809 opprobrium
845 1745 1176 1810 emplicauet.
1230 1775 1237 1784 ι
1272 1751 1275 1756 “

526 1811 794 1878 Zopyrus.
849 1812 1025 1864 Cicero
1061 1811 1126 1865 de
1164 1812 1271 1864 fato
1310 1814 1360 1877 5,
1391 1816 1484 1866 10:

459 1879 736 1931 Socratem
768 1895 945 1931 nonne
969 1880 1192 1945 legimus
1228 1896 1381 1947 quem
1415 1881 1491 1932 ad

456 1947 674 1997 modum
718 1951 932 1999 notarit
970 1949 1224 2015 Zopyrus
1263 1950 1487 2015 physio-

451 2029 721 2081 gnomon,
771 2018 866 2081 qui
901 2033 957 2066 se
983 2016 1346 2083 profitebatur
1391 2019 1486 2068 lio·

456 2085 661 2134 minum
683 2099 861 2136 mores
893 2090 1229 2151 naturasque
1262 2101 1334 2135 ex
1369 2099 1487 2136 cor-

453 2167 615 2217 pore,
668 2154 867 2218 oculis,
911 2152 1088 2216 voltu,
1135 2151 1319 2214 fronte
1357 2169 1486 2219 pcr-

455 2224 706 2271 noscere?
748 2221 1037 2286 Stupidum
1074 2238 1182 2272 esse
1217 2222 1480 2273 Socraten

458 2289 604 2339 dimit
626 2294 678 2339 et
699 2290 926 2340 bardum
950 2318 1033 2353 —,
1059 2290 1274 2341 addidit
1308 2293 1483 2355 etiam,

453 2356 817 2409 mulierosum.
886 2356 1063 2410 Dieser
1097 2359 1333 2426 Zopyrus
1383 2357 1483 2409 soll

454 2424 1476 2565 tzffffssxss.,235.tlztttftttilffaff

457 2576 631 2613 wesen
666 2562 802 2624 sein;
841 2578 894 2614 er
921 2562 991 2614 ist
1015 2561 1105 2614 der
1129 2563 1313 2615 filteste
1336 2560 1477 2629 Phy-

455 2628 822 2694 siognomiker‚
854 2645 959 2682 von
994 2629 1109 2681 dem
1147 2632 1242 2683 wir
1269 2630 1477 2682 wissen.

454 2696 711 2759 (Nachher
753 2698 954 2750 schrieb
996 2696 1306 2751 Aristoteles
1350 2697 1480 2750 iiber

455 2764 631 2816 diesen
668 2764 1031 2831 Gegenstand.)

523 2834 571 2884 2.
609 2833 814 2884 derisus
838 2838 916 2883 est
942 2837 1057 2896 cet„
1082 2832 1478 2885 anakoluthisch

455 2900 561 2950 sur:
600 2899 834 2951 derisum
863 2917 896 2951 a
921 2904 1110 2951 ceteris
1131 2929 1200 2939 -
1221 2904 1335 2967 ipse
1357 2903 1478 2951 suh-

455 2969 665 3018 levasse.

522 3038 572 3088 4.
607 3038 792 3098 insita,
822 3034 1194 3102 entsprechend
1219 3036 1335 3088 dem
1361 3051 1479 3088 vor-

453 3101 815 3169 hergehenden
850 3108 1052 3154 natura
1089 3105 1343 3156 dicuntur
1365 3107 1479 3155 ira-

456 3172 621 3222 cundi
655 3176 753 3222 cet.

522 3243 570 3293 5.
606 3240 758 3305 Ergo
792 3243 857 3290 ut
891 3243 989 3291 cet.
1047 3239 1213 3293 Durch
1250 3241 1334 3294 die
1357 3257 1476 3293 vor-

453 3307 543 3360 her
562 3308 688 3360 uber
698 3307 943 3361 Sokrates
964 3309 1185 3362 erziihlte
1201 3308 1474 3363 Anekdote

452 3376 582 3428 vird
608 3377 709 3428 Cic.
735 3376 892 3428 daran
928 3377 1166 3442 erinnert,
1202 3377 1316 3430 dats
1341 3379 1471 3430 auch

452 3444 535 3496 die
560 3445 739 3497 besten
763 3445 991 3497 Naturen
1027 3445 1163 3498 ihrer
1196 3450 1474 3511 ursprfing-

452 3512 621 3564 lichen
669 3513 866 3579 Anlage
920 3514 1051 3564 nach
1108 3529 1209 3565 von
1255 3512 1472 3565 Fehlern

453 3580 596 3631 nicht
629 3580 724 3632 srei
759 3581 899 3644 sind,
951 3580 1064 3633 dass
1099 3581 1238 3632 diese
1279 3580 1472 3645 jedoch

453 3647 634 3698 immet
656 3647 1004 3700 iiberwunden
1025 3647 1229 3699 werden
1249 3648 1473 3715 konnen,

454 3714 578 3765 aber
600 3715 798 3766 {reilich
823 3715 1217 3781 eingewurzelte
1242 3717 1333 3768 mit
1356 3721 1472 3783 gro-

460 3785 616 3834 sserer
650 3781 1045 3848 Schwierigkeit
1089 3783 1164 3834 als
1201 3785 1330 3837 eben
1367 3791 1472 3838 erst

457 3849 808 3901 entstandene.
862 3849 1106 3914 Zugleich
1123 3853 1359 3906 verleitet
1382 3854 1471 3905 ihu

455 3916 578 3968 aber
613 3917 694 3968 die
728 3915 1055 3984 Erwiihnung
1098 3918 1186 3972 der
1220 3921 1473 3974 Naturan-

1593 1608 1710 1673 lage
1757 1623 1820 1658 zu
1864 1607 2005 1659 einer
2044 1621 2175 1673 ganz
2199 1608 2494 1673 'unnotigen
2541 1607 2618 1670 (in

1591 1676 1762 1728 seiner
1801 1673 1982 1735 Quelle
2034 1674 2295 1730 vielleicht
2340 1673 2621 1740 vorgefun-

1591 1742 1789 1809 denen)
1846 1742 2291 1808 Unterscheidung
2352 1742 2618 1795 zwischen

1589 1811 2046 1864 unverschuldeter
2091 1810 2197 1863 und
2228 1810 2619 1864 verschuldeter

1588 1879 2071 1945 Fehlerhaftigkeit‚
2132 1879 2303 1931 wobei
2361 1894 2417 1931 er
2475 1879 2616 1932 noch

1590 1947 1896 2014 denjenigen
1926 1947 2150 1999 Zustand
2186 1947 2264 1999 als
2294 1947 2618 2013 proclivitas

1586 2016 1906 2080 bezeichnet,
1921 2015 2146 2067 welcher
2162 2015 2292 2067 nach
2310 2018 2390 2079 10,
2404 2016 2469 2067 23
2483 2016 2615 2068 viel-

1586 2085 1732 2137 mehr
1746 2087 1963 2135 morbus
1975 2083 2172 2136 heissen
2196 2083 2365 2137 sollte.
2383 2082 2616 2137 Dar-iiber

1586 2152 1657 2204 ist
1680 2152 1769 2204 der
1792 2152 1900 2204 ihm
1933 2152 2292 2219 urspriinglich
2316 2152 2613 2205 vorschwe-

1585 2219 1753 2273 bende
1772 2220 2195 2286 Hauptgedanke,
2219 2219 2329 2273 dass
2346 2221 2470 2284 jene
2482 2218 2613 2273 Feh·

1584 2288 1664 2341 ler
1682 2288 1915 2340 dennoch
1935 2288 2132 2340 heilbar
2151 2288 2310 2354 scien,
2331 2288 2472 2340 nicht
2491 2304 2611 2340 zum

1584 2355 1855 2409 Ausdruck
1891 2356 2117 2423 gelangt.

1647 2428 1728 2478 10.
1748 2426 2071 2475 Jnveteratio
2087 2415 2211 2489 (ἅπ.
2228 2421 2359 2494 227.)
2376 2438 2448 2475 sc.
2467 2427 2610 2490 vitii,

1578 2492 1659 2544 ffu-
1697 2495 2054 2544 inveteratum
2098 2495 2303 2544 vitium.
2375 2491 2492 2558 Vgl.
2528 2492 2608 2545 111.

1580 2563 1629 2621 5,
1660 2563 1746 2614 11:
1770 2561 2114 2612 mediocritas
2140 2560 2464 2622 officiorum.
2514 2560 2611 2614 Die

1578 2627 1727 2680 Form
1754 2628 1845 2681 des
1868 2628 2165 2681 Ausdrucks
2203 2630 2273 2680 ist
2296 2629 2408 2681 hier
2444 2628 2606 2681 durch

1580 2696 1678 2748 den
1730 2696 2017 2762 Gegensatz
2064 2699 2402 2764 perturbatio
2450 2692 2609 2762 (eine

1580 2765 2035 2828 voriibergehende
2098 2757 2369 2830 Storung')
2424 2781 2608 2817 veran-

1581 2833 1720 2884 lasst.
1789 2832 1913 2885 Zum
1949 2834 2114 2885 lnhalt
2148 2833 2251 2898 vgl.
2294 2836 2373 2896 10,
2400 2835 2481 2886 24.

1651 2903 1731 2953 12.
1786 2901 2049 2968 lippitudo
2102 2902 2172 2953 ist
2206 2893 2607 2968 ‘Augenleiden'

1579 2968 1890 3036 uberhaupt;
1928 2969 2011 3021 bei
2038 2969 2136 3022 den
2159 2968 2383 3021 Romern
2408 2970 2608 3036 insolge

1578 3036 1671 3089 des
1707 3036 1898 3090 Klimas
1943 3038 2061 3089 sehr
2096 3037 2441 3104 gewiihnlich.
2512 3037 2610 3090 Bei

1579 3103 1927 3157 Krankheiten
1985 3106 2054 3157 ist
2106 3106 2401 3157 diuturnus
2449 3121 2608 3158 unser

1571 3164 1903 3237 ‘chronisch'‚
1939 3177 2249 3239 repentinus
2280 3163 2454 3227 ‘acut'.

1648 3241 1948 3306 depellitur.
1966 3240 2059 3294 Die
2070 3241 2473 3308 Wiederholung
2487 3240 2605 3294 des·

1576 3308 1757 3361 selben
1793 3309 2043 3362 Verbums
2098 3310 2288 3362 erklfirt
2343 3310 2454 3361 sich
2509 3325 2608 3363 aus

1576 3377 1690 3429 dem
1719 3376 1936 3430 Streben
1970 3377 2175 3430 Ciceros
2214 3378 2341 3430 nach
2380 3393 2608 3446 symme-

1575 3445 1789 3497 trischer
1850 3445 2192 3512 Abrundung,
2250 3446 2414 3499 sowie
2473 3448 2607 3498 nach

1575 3513 1947 3580 vollsti'mdiger
1981 3515 2323 3582 Ausprfigung
2368 3513 2459 3567 des
2505 3514 2609 3567 Ge-

1576 3579 1807 3634 dankens
1833 3583 1883 3633 in
1910 3581 2354 3649 Vergleichungen
2377 3582 2485 3634 und
2505 3582 2606 3634 Ge-

1576 3652 1869 3715 gensdtzen.
1896 3649 2011 3715 Vgl.
2032 3666 2093 3702 zu
2114 3650 2174 3703 V.
2196 3652 2244 3714 6,
2265 3652 2353 3702 16:
2380 3654 2603 3703 terrent.

1647 3720 1727 3771 14.
1762 3736 1832 3770 ex
1854 3718 2074 3769 iudiciis
2099 3720 2413 3784 opinionum
2436 3722 2489 3768 et
2513 3735 2604 3769 vo·

1579 3785 1872 3837 luntatibus
1889 3781 2002 3838 ‘aus
2023 3785 2266 3850 Urteilen‚
2291 3785 2492 3838 welche
2515 3787 2610 3839 aus

1574 3853 1950 3919 Einbildungen
1969 3854 2211 3917 beruhen,
2239 3853 2344 3906 und
2368 3869 2461 3906 aus
2484 3854 2603 3906 dem

1574 3919 1764 3973 Willen
1793 3923 1944 3986 Jedes
1979 3912 2279 3974 einzelnen'.
2635 3929 2640 3934 '

2672 1135 2810 1213 10¹
