<?xml version="1.0" encoding="UTF-8"?>
<!DOCTYPE html PUBLIC "-//W3C//DTD XHTML 1.0 Transitional//EN"
    "http://www.w3.org/TR/xhtml1/DTD/xhtml1-transitional.dtd">
<html xmlns="http://www.w3.org/1999/xhtml" xml:lang="en" lang="en">
 <head>
  <title>
</title>
<meta http-equiv="Content-Type" content="text/html;charset=utf-8" />
  <meta name='ocr-system' content='tesseract 3.04.00' />
  <meta name='ocr-capabilities' content='ocr_page ocr_carea ocr_par ocr_line ocrx_word'/>
</head>
<body>
  <div class='ocr_page' id='page_1' title='image "./mtulliiciceroni02sorogoog_0098.png"; bbox 0 0 2834 4317; ppageno 0'>
   <div class='ocr_carea' id='block_1_1' title="bbox 1542 16 1577 47">
    <p class='ocr_par' dir='ltr' id='par_1_1' title="bbox 1542 16 1577 47">
     <span class='ocr_line' id='line_1_1' title="bbox 1542 16 1577 47; baseline 0 0"><span class='ocrx_word' id='word_1_1' title='bbox 1542 16 1577 47; x_wconf 73' lang='lat'><em>0</em></span> 
     </span>
    </p>
   </div>
   <div class='ocr_carea' id='block_1_2' title="bbox 481 172 1926 239">
    <p class='ocr_par' dir='ltr' id='par_1_2' title="bbox 481 172 1926 239">
     <span class='ocr_line' id='line_1_2' title="bbox 481 172 1926 239; baseline -0.004 -8"><span class='ocrx_word' id='word_1_2' title='bbox 481 173 561 232; x_wconf 82' lang='lat'>92</span> <span class='ocrx_word' id='word_1_3' title='bbox 1186 172 1374 226; x_wconf 84' lang='lat' dir='ltr'><strong>LIBER</strong></span> <span class='ocrx_word' id='word_1_4' title='bbox 1408 173 1446 229; x_wconf 89' lang='lat'>1.</span> <span class='ocrx_word' id='word_1_5' title='bbox 1483 177 1568 239; x_wconf 86' lang='lat'>40,</span> <span class='ocrx_word' id='word_1_6' title='bbox 1605 176 1687 227; x_wconf 83' lang='lat'>97.</span> <span class='ocrx_word' id='word_1_7' title='bbox 1723 176 1808 237; x_wconf 83' lang='lat'>41,</span> <span class='ocrx_word' id='word_1_8' title='bbox 1845 176 1926 227; x_wconf 88' lang='lat'>98.</span> 
     </span>
    </p>
   </div>
   <div class='ocr_carea' id='block_1_3' title="bbox 37 345 2746 1958">
    <p class='ocr_par' dir='ltr' id='par_1_3' title="bbox 371 345 2634 683">
     <span class='ocr_line' id='line_1_3' title="bbox 476 345 2634 427; baseline 0 -20"><span class='ocrx_word' id='word_1_9' title='bbox 476 346 646 409; x_wconf 88' lang='lat' dir='ltr'><strong>Lusit</strong></span> <span class='ocrx_word' id='word_1_10' title='bbox 687 347 776 407; x_wconf 87' lang='lat' dir='ltr'>vir</span> <span class='ocrx_word' id='word_1_11' title='bbox 820 347 1093 427; x_wconf 83' lang='lat' dir='ltr'>egregius</span> <span class='ocrx_word' id='word_1_12' title='bbox 1137 355 1402 409; x_wconf 88' lang='lat' dir='ltr'>extremo</span> <span class='ocrx_word' id='word_1_13' title='bbox 1448 347 1692 426; x_wconf 87' lang='lat' dir='ltr'>spiritu,</span> <span class='ocrx_word' id='word_1_14' title='bbox 1740 365 1876 408; x_wconf 90' lang='lat' dir='ltr'>cum</span> <span class='ocrx_word' id='word_1_15' title='bbox 1920 346 2035 407; x_wconf 91' lang='lat' dir='ltr'>iam</span> <span class='ocrx_word' id='word_1_16' title='bbox 2079 345 2442 425; x_wconf 82' lang='lat' dir='ltr'>praecordiis</span> <span class='ocrx_word' id='word_1_17' title='bbox 2488 365 2634 407; x_wconf 92' lang='lat' dir='ltr'>con-</span> 
     </span>
     <span class='ocr_line' id='line_1_4' title="bbox 476 432 2632 512; baseline 0 -19"><span class='ocrx_word' id='word_1_18' title='bbox 476 440 707 512; x_wconf 81' lang='lat' dir='ltr'>ceptam</span> <span class='ocrx_word' id='word_1_19' title='bbox 738 440 990 493; x_wconf 89' lang='lat' dir='ltr'>mortem</span> <span class='ocrx_word' id='word_1_20' title='bbox 1016 433 1374 508; x_wconf 88' lang='lat' dir='ltr'>contineret,</span> <span class='ocrx_word' id='word_1_21' title='bbox 1403 450 1661 511; x_wconf 89' lang='lat' dir='ltr'>vereque</span> <span class='ocrx_word' id='word_1_22' title='bbox 1685 432 1757 504; x_wconf 90' lang='lat' dir='ltr'>ei,</span> <span class='ocrx_word' id='word_1_23' title='bbox 1791 432 1886 493; x_wconf 91' lang='lat' dir='ltr'>cui</span> <span class='ocrx_word' id='word_1_24' title='bbox 1909 449 2209 493; x_wconf 84' lang='lat' dir='ltr'>venenum</span> <span class='ocrx_word' id='word_1_25' title='bbox 2238 432 2632 511; x_wconf 83' lang='lat' dir='ltr'><strong>praebiberat,</strong></span> 
     </span>
     <span class='ocr_line' id='line_1_5' title="bbox 371 517 2633 597; baseline 0.001 -20"><span class='ocrx_word' id='word_1_26' title='bbox 371 527 428 577; x_wconf 74' lang='lat'>97</span> <span class='ocrx_word' id='word_1_27' title='bbox 474 525 731 579; x_wconf 90' lang='lat' dir='ltr'>mortem</span> <span class='ocrx_word' id='word_1_28' title='bbox 764 535 893 579; x_wconf 90' lang='lat' dir='ltr'>eam</span> <span class='ocrx_word' id='word_1_29' title='bbox 926 525 1015 579; x_wconf 89' lang='lat' dir='ltr'>est</span> <span class='ocrx_word' id='word_1_30' title='bbox 1044 526 1385 596; x_wconf 80' lang='lat' dir='ltr'>auguratus,</span> <span class='ocrx_word' id='word_1_31' title='bbox 1418 535 1569 597; x_wconf 89' lang='lat' dir='ltr'>quae</span> <span class='ocrx_word' id='word_1_32' title='bbox 1600 517 1765 579; x_wconf 87' lang='lat' dir='ltr'>brevi</span> <span class='ocrx_word' id='word_1_33' title='bbox 1795 527 2116 579; x_wconf 84' lang='lat' dir='ltr'>consecuta</span> <span class='ocrx_word' id='word_1_34' title='bbox 2149 525 2255 578; x_wconf 88' lang='lat' dir='ltr'>est.</span> <span class='ocrx_word' id='word_1_35' title='bbox 2303 517 2450 588; x_wconf 86' lang='lat' dir='ltr'>Quis</span> <span class='ocrx_word' id='word_1_36' title='bbox 2480 517 2633 579; x_wconf 88' lang='lat' dir='ltr'>hanc</span> 
     </span>
     <span class='ocr_line' id='line_1_6' title="bbox 474 602 2633 683; baseline 0.001 -21"><span class='ocrx_word' id='word_1_37' title='bbox 474 602 710 664; x_wconf 87' lang='lat' dir='ltr'>maximi</span> <span class='ocrx_word' id='word_1_38' title='bbox 756 603 936 664; x_wconf 90' lang='lat' dir='ltr'>animi</span> <span class='ocrx_word' id='word_1_39' title='bbox 982 604 1335 683; x_wconf 88' lang='lat' dir='ltr'>aequitatem</span> <span class='ocrx_word' id='word_1_40' title='bbox 1381 603 1444 665; x_wconf 92' lang='lat' dir='ltr'>in</span> <span class='ocrx_word' id='word_1_41' title='bbox 1492 603 1618 683; x_wconf 85' lang='lat' dir='ltr'>ipsa</span> <span class='ocrx_word' id='word_1_42' title='bbox 1675 612 1865 664; x_wconf 90' lang='lat' dir='ltr'>morte</span> <span class='ocrx_word' id='word_1_43' title='bbox 1920 603 2216 678; x_wconf 90' lang='lat' dir='ltr'>laudaret,</span> <span class='ocrx_word' id='word_1_44' title='bbox 2274 603 2324 664; x_wconf 89' lang='lat' dir='ltr'>si</span> <span class='ocrx_word' id='word_1_45' title='bbox 2381 610 2633 664; x_wconf 89' lang='lat' dir='ltr'>mortem</span> 
     </span>
    </p>

    <p class='ocr_par' dir='ltr' id='par_1_4' title="bbox 437 686 2710 940">
     <span class='ocr_line' id='line_1_7' title="bbox 474 686 2710 767; baseline -0.002 -17"><span class='ocrx_word' id='word_1_46' title='bbox 474 688 694 750; x_wconf 90' lang='lat' dir='ltr'>malum</span> <span class='ocrx_word' id='word_1_47' title='bbox 726 686 1058 750; x_wconf 75' lang='lat' dir='ltr'>iudicaret?</span> <span class='ocrx_word' id='word_1_48' title='bbox 1103 689 1272 751; x_wconf 82' lang='lat' dir='ltr'>Vadit</span> <span class='ocrx_word' id='word_1_49' title='bbox 1314 690 1376 750; x_wconf 90' lang='lat' dir='ltr'>in</span> <span class='ocrx_word' id='word_1_50' title='bbox 1426 689 1683 750; x_wconf 90' lang='lat' dir='ltr'>eundem</span> <span class='ocrx_word' id='word_1_51' title='bbox 1726 706 2026 750; x_wconf 83' lang='lat' dir='ltr'>carcerem</span> <span class='ocrx_word' id='word_1_52' title='bbox 2057 696 2235 767; x_wconf 85' lang='lat' dir='ltr'>atque</span> <span class='ocrx_word' id='word_1_53' title='bbox 2281 688 2340 748; x_wconf 91' lang='lat' dir='ltr'>in</span> <span class='ocrx_word' id='word_1_54' title='bbox 2377 687 2633 750; x_wconf 90' lang='lat' dir='ltr'>eundem</span> <span class='ocrx_word' id='word_1_55' title='bbox 2678 697 2710 746; x_wconf 84' lang='lat'>5</span> 
     </span>
     <span class='ocr_line' id='line_1_8' title="bbox 476 773 2629 856; baseline -0.001 -21"><span class='ocrx_word' id='word_1_56' title='bbox 476 773 683 854; x_wconf 87' lang='lat' dir='ltr'>paucis</span> <span class='ocrx_word' id='word_1_57' title='bbox 728 781 865 853; x_wconf 91' lang='lat' dir='ltr'>post</span> <span class='ocrx_word' id='word_1_58' title='bbox 910 774 1085 835; x_wconf 91' lang='lat' dir='ltr'>annis</span> <span class='ocrx_word' id='word_1_59' title='bbox 1129 775 1418 856; x_wconf 77' lang='lat' dir='ltr'>scyphum</span> <span class='ocrx_word' id='word_1_60' title='bbox 1467 774 1773 849; x_wconf 86' lang='lat' dir='ltr'>SocrateS,</span> <span class='ocrx_word' id='word_1_61' title='bbox 1819 774 2027 835; x_wconf 90' lang='lat' dir='ltr'>eodem</span> <span class='ocrx_word' id='word_1_62' title='bbox 2081 774 2306 835; x_wconf 88' lang='lat' dir='ltr'>scelere</span> <span class='ocrx_word' id='word_1_63' title='bbox 2350 774 2629 848; x_wconf 89' lang='lat' dir='ltr'>iudicum,</span> 
     </span>
     <span class='ocr_line' id='line_1_9' title="bbox 437 859 2630 940; baseline 0.001 -22"><span class='ocrx_word' id='word_1_64' title='bbox 437 877 595 940; x_wconf 53' lang='lat' dir='ltr'>Auo</span> <span class='ocrx_word' id='word_1_65' title='bbox 625 868 1019 939; x_wconf 79' lang='lat' dir='ltr'>tyrannorum</span> <span class='ocrx_word' id='word_1_66' title='bbox 1052 859 1475 921; x_wconf 88' lang='lat' dir='ltr'>Theramenes.</span> <span class='ocrx_word' id='word_1_67' title='bbox 1523 861 1687 930; x_wconf 88' lang='lat' dir='ltr'>Quae</span> <span class='ocrx_word' id='word_1_68' title='bbox 1735 867 1826 921; x_wconf 91' lang='lat' dir='ltr'>est</span> <span class='ocrx_word' id='word_1_69' title='bbox 1852 860 2036 940; x_wconf 83' lang='lat' dir='ltr'>igitur</span> <span class='ocrx_word' id='word_1_70' title='bbox 2081 859 2207 920; x_wconf 90' lang='lat' dir='ltr'>eius</span> <span class='ocrx_word' id='word_1_71' title='bbox 2254 860 2474 931; x_wconf 88' lang='lat' dir='ltr'>oratio,</span> <span class='ocrx_word' id='word_1_72' title='bbox 2520 877 2630 938; x_wconf 91' lang='lat' dir='ltr'>qua</span> 
     </span>
    </p>

    <p class='ocr_par' dir='ltr' id='par_1_5' title="bbox 249 943 2390 1042">
     <span class='ocr_line' id='line_1_10' title="bbox 249 943 2390 1042; baseline 0 -38"><span class='ocrx_word' id='word_1_73' title='bbox 249 1009 262 1022; x_wconf 41' lang='grc'><strong>,</strong></span> <span class='ocrx_word' id='word_1_74' title='bbox 293 949 432 1042; x_wconf 32' lang='lat' dir='ltr'>‘&#39;s“</span> <span class='ocrx_word' id='word_1_75' title='bbox 477 944 615 1006; x_wconf 89' lang='lat' dir='ltr'>facit</span> <span class='ocrx_word' id='word_1_76' title='bbox 646 961 781 1004; x_wconf 91' lang='lat' dir='ltr'>eum</span> <span class='ocrx_word' id='word_1_77' title='bbox 811 944 979 1005; x_wconf 90' lang='lat' dir='ltr'>Plato</span> <span class='ocrx_word' id='word_1_78' title='bbox 1009 963 1183 1006; x_wconf 91' lang='lat' dir='ltr'>usum</span> <span class='ocrx_word' id='word_1_79' title='bbox 1217 945 1370 1025; x_wconf 91' lang='lat' dir='ltr'>apud</span> <span class='ocrx_word' id='word_1_80' title='bbox 1403 944 1630 1006; x_wconf 92' lang='lat' dir='ltr'>iudices</span> <span class='ocrx_word' id='word_1_81' title='bbox 1661 944 1778 1006; x_wconf 91' lang='lat' dir='ltr'>iam</span> <span class='ocrx_word' id='word_1_82' title='bbox 1808 953 2002 1006; x_wconf 91' lang='lat' dir='ltr'>morte</span> <span class='ocrx_word' id='word_1_83' title='bbox 2032 943 2390 1006; x_wconf 77' lang='lat' dir='ltr'>multatum?</span> 
     </span>
    </p>

    <p class='ocr_par' dir='ltr' id='par_1_6' title="bbox 104 1022 2631 1111">
     <span class='ocr_line' id='line_1_11' title="bbox 104 1022 2631 1111; baseline 0 -22"><span class='ocrx_word' id='word_1_84' title='bbox 104 1035 132 1059; x_wconf 59' lang='lat' dir='ltr'><strong><em>s</em></strong></span> <span class='ocrx_word' id='word_1_85' title='bbox 222 1039 228 1046; x_wconf 76' lang='grc'>’</span> <span class='ocrx_word' id='word_1_86' title='bbox 375 1037 445 1090; x_wconf 82' lang='lat'>41</span> <span class='ocrx_word' id='word_1_87' title='bbox 644 1022 884 1109; x_wconf 82' lang='lat' dir='ltr'>‘Magna</span> <span class='ocrx_word' id='word_1_88' title='bbox 912 1025 1037 1091; x_wconf 85' lang='lat' dir='ltr'>me&#39;</span> <span class='ocrx_word' id='word_1_89' title='bbox 1073 1030 1270 1109; x_wconf 87' lang='lat' dir='ltr'>inquit</span> <span class='ocrx_word' id='word_1_90' title='bbox 1291 1024 1458 1110; x_wconf 86' lang='lat' dir='ltr'>‘spes</span> <span class='ocrx_word' id='word_1_91' title='bbox 1487 1039 1679 1103; x_wconf 87' lang='lat' dir='ltr'>tenet,</span> <span class='ocrx_word' id='word_1_92' title='bbox 1711 1029 1969 1111; x_wconf 86' lang='lat' dir='ltr'>iudices,</span> <span class='ocrx_word' id='word_1_93' title='bbox 2013 1028 2172 1091; x_wconf 88' lang='lat' dir='ltr'>hene</span> <span class='ocrx_word' id='word_1_94' title='bbox 2202 1029 2345 1091; x_wconf 92' lang='lat' dir='ltr'>mihi</span> <span class='ocrx_word' id='word_1_95' title='bbox 2377 1030 2631 1104; x_wconf 87' lang='lat' dir='ltr'>evenire,</span> 
     </span>
    </p>

    <p class='ocr_par' dir='ltr' id='par_1_7' title="bbox 37 1095 2739 1538">
     <span class='ocr_line' id='line_1_12' title="bbox 37 1095 2739 1208; baseline -0.001 -33"><span class='ocrx_word' id='word_1_96' title='bbox 37 1095 208 1208; x_wconf 30' lang='lat'>&amp;2293</span> <span class='ocrx_word' id='word_1_97' title='bbox 269 1107 315 1139; x_wconf 55' lang='grc' dir='ltr'><em>ν</em></span> <span class='ocrx_word' id='word_1_98' title='bbox 478 1114 638 1194; x_wconf 89' lang='lat' dir='ltr'>quod</span> <span class='ocrx_word' id='word_1_99' title='bbox 669 1114 869 1176; x_wconf 88' lang='lat' dir='ltr'>mittar</span> <span class='ocrx_word' id='word_1_100' title='bbox 898 1117 968 1177; x_wconf 92' lang='lat' dir='ltr'>ad</span> <span class='ocrx_word' id='word_1_101' title='bbox 1001 1126 1275 1177; x_wconf 88' lang='lat' dir='ltr'>mortem.</span> <span class='ocrx_word' id='word_1_102' title='bbox 1319 1116 1576 1178; x_wconf 85' lang='lat' dir='ltr'>Necesse</span> <span class='ocrx_word' id='word_1_103' title='bbox 1606 1122 1697 1177; x_wconf 88' lang='lat' dir='ltr'>est</span> <span class='ocrx_word' id='word_1_104' title='bbox 1726 1114 1885 1177; x_wconf 89' lang='lat' dir='ltr'>enim</span> <span class='ocrx_word' id='word_1_105' title='bbox 1911 1117 1987 1177; x_wconf 90' lang='lat' dir='ltr'>sit</span> <span class='ocrx_word' id='word_1_106' title='bbox 2008 1117 2262 1176; x_wconf 91' lang='lat' dir='ltr'>alterum</span> <span class='ocrx_word' id='word_1_107' title='bbox 2286 1115 2359 1177; x_wconf 88' lang='lat' dir='ltr'>de</span> <span class='ocrx_word' id='word_1_108' title='bbox 2383 1115 2632 1189; x_wconf 90' lang='lat' dir='ltr'>duobus,</span> <span class='ocrx_word' id='word_1_109' title='bbox 2678 1122 2739 1173; x_wconf 89' lang='lat'>10</span> 
     </span>
     <span class='ocr_line' id='line_1_13' title="bbox 47 1200 2631 1279; baseline -0.001 -18"><span class='ocrx_word' id='word_1_110' title='bbox 47 1211 66 1222; x_wconf 59' lang='lat'><strong>⁹</strong></span> <span class='ocrx_word' id='word_1_111' title='bbox 95 1227 120 1262; x_wconf 62' lang='grc' dir='ltr'>ι,</span> <span class='ocrx_word' id='word_1_112' title='bbox 479 1208 545 1261; x_wconf 93' lang='lat' dir='ltr'>ut</span> <span class='ocrx_word' id='word_1_113' title='bbox 574 1209 676 1262; x_wconf 91' lang='lat' dir='ltr'>aut</span> <span class='ocrx_word' id='word_1_114' title='bbox 704 1218 918 1262; x_wconf 90' lang='lat' dir='ltr'>sensus</span> <span class='ocrx_word' id='word_1_115' title='bbox 949 1202 1195 1263; x_wconf 90' lang='lat' dir='ltr'>omnino</span> <span class='ocrx_word' id='word_1_116' title='bbox 1228 1201 1424 1263; x_wconf 84' lang='lat' dir='ltr'>omnis</span> <span class='ocrx_word' id='word_1_117' title='bbox 1454 1219 1617 1262; x_wconf 87' lang='lat' dir='ltr'>mors</span> <span class='ocrx_word' id='word_1_118' title='bbox 1647 1201 1876 1262; x_wconf 87' lang='lat' dir='ltr'>auferat</span> <span class='ocrx_word' id='word_1_119' title='bbox 1903 1209 2006 1262; x_wconf 92' lang='lat' dir='ltr'>aut</span> <span class='ocrx_word' id='word_1_120' title='bbox 2033 1201 2095 1262; x_wconf 91' lang='lat' dir='ltr'>in</span> <span class='ocrx_word' id='word_1_121' title='bbox 2129 1200 2306 1262; x_wconf 90' lang='lat' dir='ltr'>alium</span> <span class='ocrx_word' id='word_1_122' title='bbox 2339 1201 2631 1279; x_wconf 87' lang='lat' dir='ltr'>quendam</span> 
     </span>
     <span class='ocr_line' id='line_1_14' title="bbox 263 1260 2635 1367; baseline -0 -21"><span class='ocrx_word' id='word_1_123' title='bbox 263 1260 310 1358; x_wconf 54' lang='lat'><em>2</em></span> <span class='ocrx_word' id='word_1_124' title='bbox 477 1284 677 1348; x_wconf 90' lang='lat' dir='ltr'>locum</span> <span class='ocrx_word' id='word_1_125' title='bbox 723 1305 792 1347; x_wconf 88' lang='lat' dir='ltr'>ex</span> <span class='ocrx_word' id='word_1_126' title='bbox 839 1286 930 1348; x_wconf 91' lang='lat' dir='ltr'>his</span> <span class='ocrx_word' id='word_1_127' title='bbox 959 1287 1106 1349; x_wconf 91' lang='lat' dir='ltr'>locis</span> <span class='ocrx_word' id='word_1_128' title='bbox 1134 1296 1328 1349; x_wconf 88' lang='lat' dir='ltr'>morte</span> <span class='ocrx_word' id='word_1_129' title='bbox 1357 1287 1666 1367; x_wconf 83' lang='lat' dir='ltr'>migretur.</span> <span class='ocrx_word' id='word_1_130' title='bbox 1741 1286 1934 1357; x_wconf 85' lang='lat' dir='ltr'>Quam</span> <span class='ocrx_word' id='word_1_131' title='bbox 1965 1286 2042 1348; x_wconf 89' lang='lat' dir='ltr'>ob</span> <span class='ocrx_word' id='word_1_132' title='bbox 2072 1304 2234 1359; x_wconf 88' lang='lat' dir='ltr'>rem,</span> <span class='ocrx_word' id='word_1_133' title='bbox 2273 1287 2394 1348; x_wconf 87' lang='lat' dir='ltr'>sive</span> <span class='ocrx_word' id='word_1_134' title='bbox 2423 1303 2635 1348; x_wconf 86' lang='lat' dir='ltr'>sensus</span> 
     </span>
     <span class='ocr_line' id='line_1_15' title="bbox 281 1371 2634 1452; baseline -0 -19"><span class='ocrx_word' id='word_1_135' title='bbox 281 1383 308 1412; x_wconf 68' lang='lat'><em>⁰</em></span> <span class='ocrx_word' id='word_1_136' title='bbox 479 1371 879 1452; x_wconf 81' lang='lat' dir='ltr'>exstinguitur</span> <span class='ocrx_word' id='word_1_137' title='bbox 922 1391 1205 1451; x_wconf 88' lang='lat' dir='ltr'>morsque</span> <span class='ocrx_word' id='word_1_138' title='bbox 1252 1373 1305 1433; x_wconf 91' lang='lat' dir='ltr'>ei</span> <span class='ocrx_word' id='word_1_139' title='bbox 1350 1391 1564 1435; x_wconf 90' lang='lat' dir='ltr'>somno</span> <span class='ocrx_word' id='word_1_140' title='bbox 1597 1371 1803 1434; x_wconf 91' lang='lat' dir='ltr'>similis</span> <span class='ocrx_word' id='word_1_141' title='bbox 1833 1380 1953 1449; x_wconf 91' lang='lat' dir='ltr'>est,</span> <span class='ocrx_word' id='word_1_142' title='bbox 2001 1373 2100 1451; x_wconf 91' lang='lat' dir='ltr'>qui</span> <span class='ocrx_word' id='word_1_143' title='bbox 2133 1391 2257 1433; x_wconf 92' lang='lat' dir='ltr'>non</span> <span class='ocrx_word' id='word_1_144' title='bbox 2292 1389 2634 1450; x_wconf 82' lang='lat' dir='ltr'>numquam,</span> 
     </span>
     <span class='ocr_line' id='line_1_16' title="bbox 479 1456 2635 1538; baseline -0.001 -20"><span class='ocrx_word' id='word_1_145' title='bbox 479 1457 655 1519; x_wconf 89' lang='lat' dir='ltr'>etiam</span> <span class='ocrx_word' id='word_1_146' title='bbox 700 1458 830 1519; x_wconf 90' lang='lat' dir='ltr'>sine</span> <span class='ocrx_word' id='word_1_147' title='bbox 874 1457 1012 1520; x_wconf 87' lang='lat' dir='ltr'>visis</span> <span class='ocrx_word' id='word_1_148' title='bbox 1054 1458 1462 1533; x_wconf 84' lang='lat' dir='ltr'>somniorum,</span> <span class='ocrx_word' id='word_1_149' title='bbox 1508 1457 1963 1538; x_wconf 85' lang='lat' dir='ltr'>placatissimam</span> <span class='ocrx_word' id='word_1_150' title='bbox 2007 1458 2267 1537; x_wconf 88' lang='lat' dir='ltr'>quietem</span> <span class='ocrx_word' id='word_1_151' title='bbox 2313 1457 2532 1531; x_wconf 82' lang='lat' dir='ltr'>adfert,</span> <span class='ocrx_word' id='word_1_152' title='bbox 2576 1456 2635 1517; x_wconf 91' lang='lat' dir='ltr'>di</span> 
     </span>
    </p>

    <p class='ocr_par' dir='ltr' id='par_1_8' title="bbox 263 1542 2746 1958">
     <span class='ocr_line' id='line_1_17' title="bbox 477 1542 2746 1624; baseline -0.003 -21"><span class='ocrx_word' id='word_1_153' title='bbox 477 1542 642 1617; x_wconf 85' lang='lat' dir='ltr'>boni,</span> <span class='ocrx_word' id='word_1_154' title='bbox 675 1542 816 1620; x_wconf 90' lang='lat' dir='ltr'>quid</span> <span class='ocrx_word' id='word_1_155' title='bbox 847 1542 995 1603; x_wconf 89' lang='lat' dir='ltr'>lucri</span> <span class='ocrx_word' id='word_1_156' title='bbox 1028 1551 1120 1605; x_wconf 90' lang='lat' dir='ltr'>est</span> <span class='ocrx_word' id='word_1_157' title='bbox 1149 1542 1364 1605; x_wconf 85' lang='lat' dir='ltr'>emoril</span> <span class='ocrx_word' id='word_1_158' title='bbox 1396 1551 1499 1605; x_wconf 92' lang='lat' dir='ltr'>aut</span> <span class='ocrx_word' id='word_1_159' title='bbox 1529 1562 1707 1623; x_wconf 88' lang='lat' dir='ltr'>quam</span> <span class='ocrx_word' id='word_1_160' title='bbox 1737 1543 1910 1604; x_wconf 89' lang='lat' dir='ltr'>multi</span> <span class='ocrx_word' id='word_1_161' title='bbox 1938 1542 2064 1606; x_wconf 91' lang='lat' dir='ltr'>dies</span> <span class='ocrx_word' id='word_1_162' title='bbox 2092 1542 2339 1624; x_wconf 89' lang='lat' dir='ltr'>reperiri</span> <span class='ocrx_word' id='word_1_163' title='bbox 2364 1551 2634 1622; x_wconf 82' lang='lat' dir='ltr'>possunt,</span> <span class='ocrx_word' id='word_1_164' title='bbox 2685 1549 2746 1598; x_wconf 84' lang='lat'>15</span> 
     </span>
     <span class='ocr_line' id='line_1_18' title="bbox 480 1606 2637 1712; baseline 0 -25"><span class='ocrx_word' id='word_1_165' title='bbox 480 1628 585 1706; x_wconf 86' lang='lat' dir='ltr'>qui</span> <span class='ocrx_word' id='word_1_166' title='bbox 614 1627 716 1688; x_wconf 90' lang='lat' dir='ltr'>tali</span> <span class='ocrx_word' id='word_1_167' title='bbox 748 1627 912 1688; x_wconf 88' lang='lat' dir='ltr'>nocti</span> <span class='ocrx_word' id='word_1_168' title='bbox 942 1606 1423 1712; x_wconf 51' lang='lat' dir='ltr'>anteponantur?</span> <span class='ocrx_word' id='word_1_169' title='bbox 1466 1628 1560 1689; x_wconf 90' lang='lat' dir='ltr'>cui</span> <span class='ocrx_word' id='word_1_170' title='bbox 1591 1629 1640 1689; x_wconf 92' lang='lat' dir='ltr'>si</span> <span class='ocrx_word' id='word_1_171' title='bbox 1672 1628 1879 1689; x_wconf 91' lang='lat' dir='ltr'>similis</span> <span class='ocrx_word' id='word_1_172' title='bbox 1924 1629 2120 1690; x_wconf 87' lang='lat' dir='ltr'>futura</span> <span class='ocrx_word' id='word_1_173' title='bbox 2153 1637 2243 1689; x_wconf 90' lang='lat' dir='ltr'>est</span> <span class='ocrx_word' id='word_1_174' title='bbox 2271 1627 2637 1708; x_wconf 87' lang='lat' dir='ltr'>perpetuitas</span> 
     </span>
     <span class='ocr_line' id='line_1_19' title="bbox 374 1711 2640 1793; baseline 0.002 -24"><span class='ocrx_word' id='word_1_175' title='bbox 374 1720 432 1770; x_wconf 83' lang='lat'>98</span> <span class='ocrx_word' id='word_1_176' title='bbox 480 1712 674 1773; x_wconf 91' lang='lat' dir='ltr'>omnis</span> <span class='ocrx_word' id='word_1_177' title='bbox 720 1713 1147 1790; x_wconf 89' lang='lat' dir='ltr'>consequentis</span> <span class='ocrx_word' id='word_1_178' title='bbox 1192 1714 1512 1793; x_wconf 88' lang='lat' dir='ltr'>temporis,</span> <span class='ocrx_word' id='word_1_179' title='bbox 1559 1714 1663 1792; x_wconf 87' lang='lat' dir='ltr'>qui</span> <span class='ocrx_word' id='word_1_180' title='bbox 1705 1731 1801 1773; x_wconf 89' lang='lat' dir='ltr'>me</span> <span class='ocrx_word' id='word_1_181' title='bbox 1846 1711 2121 1774; x_wconf 72' lang='lat' dir='ltr'>beatior?</span> <span class='ocrx_word' id='word_1_182' title='bbox 2167 1714 2271 1775; x_wconf 91' lang='lat' dir='ltr'>Sin</span> <span class='ocrx_word' id='word_1_183' title='bbox 2317 1732 2453 1774; x_wconf 88' lang='lat' dir='ltr'>vera</span> <span class='ocrx_word' id='word_1_184' title='bbox 2497 1720 2640 1774; x_wconf 91' lang='lat' dir='ltr'>sunt</span> 
     </span>
     <span class='ocr_line' id='line_1_20' title="bbox 263 1791 2639 1878; baseline 0 -20"><span class='ocrx_word' id='word_1_185' title='bbox 263 1791 268 1799; x_wconf 79' lang='grc'><strong>’</strong></span> <span class='ocrx_word' id='word_1_186' title='bbox 480 1815 632 1875; x_wconf 88' lang='lat' dir='ltr'>quae</span> <span class='ocrx_word' id='word_1_187' title='bbox 664 1796 980 1870; x_wconf 89' lang='lat' dir='ltr'>dicuntur,</span> <span class='ocrx_word' id='word_1_188' title='bbox 1024 1798 1441 1877; x_wconf 83' lang='lat' dir='ltr'>migrationem</span> <span class='ocrx_word' id='word_1_189' title='bbox 1474 1816 1604 1859; x_wconf 91' lang='lat' dir='ltr'>esse</span> <span class='ocrx_word' id='word_1_190' title='bbox 1634 1805 1890 1859; x_wconf 87' lang='lat' dir='ltr'>mortem</span> <span class='ocrx_word' id='word_1_191' title='bbox 1923 1798 1984 1860; x_wconf 92' lang='lat' dir='ltr'>in</span> <span class='ocrx_word' id='word_1_192' title='bbox 2018 1817 2118 1860; x_wconf 91' lang='lat' dir='ltr'>eas</span> <span class='ocrx_word' id='word_1_193' title='bbox 2150 1816 2313 1872; x_wconf 88' lang='lat' dir='ltr'>oras,</span> <span class='ocrx_word' id='word_1_194' title='bbox 2360 1816 2505 1878; x_wconf 87' lang='lat' dir='ltr'>quas</span> <span class='ocrx_word' id='word_1_195' title='bbox 2537 1797 2639 1877; x_wconf 91' lang='lat' dir='ltr'>qui</span> 
     </span>
     <span class='ocr_line' id='line_1_21' title="bbox 478 1882 2640 1958; baseline 0 -16"><span class='ocrx_word' id='word_1_196' title='bbox 478 1900 511 1942; x_wconf 89' lang='lat' dir='ltr'>e</span> <span class='ocrx_word' id='word_1_197' title='bbox 540 1882 657 1942; x_wconf 89' lang='lat' dir='ltr'>vita</span> <span class='ocrx_word' id='word_1_198' title='bbox 688 1891 1072 1948; x_wconf 82' lang='lat' dir='ltr'>excesserunt</span> <span class='ocrx_word' id='word_1_199' title='bbox 1103 1883 1398 1958; x_wconf 91' lang='lat' dir='ltr'>incolunt,</span> <span class='ocrx_word' id='word_1_200' title='bbox 1431 1883 1489 1945; x_wconf 91' lang='lat' dir='ltr'>id</span> <span class='ocrx_word' id='word_1_201' title='bbox 1521 1883 1710 1944; x_wconf 87' lang='lat' dir='ltr'>multo</span> <span class='ocrx_word' id='word_1_202' title='bbox 1742 1884 1857 1943; x_wconf 90' lang='lat' dir='ltr'>iam</span> <span class='ocrx_word' id='word_1_203' title='bbox 1882 1882 2113 1945; x_wconf 85' lang='lat' dir='ltr'>beatius</span> <span class='ocrx_word' id='word_1_204' title='bbox 2137 1892 2245 1945; x_wconf 92' lang='lat' dir='ltr'>est.</span> <span class='ocrx_word' id='word_1_205' title='bbox 2287 1884 2470 1957; x_wconf 88' lang='lat' dir='ltr'>Tene,</span> <span class='ocrx_word' id='word_1_206' title='bbox 2503 1901 2640 1945; x_wconf 91' lang='lat' dir='ltr'>cum</span> 
     </span>
    </p>
   </div>
   <div class='ocr_carea' id='block_1_4' title="bbox 1392 1363 1575 1382">
    <p class='ocr_par' dir='ltr' id='par_1_9' title="bbox 1392 1363 1575 1382">
     <span class='ocr_line' id='line_1_22' title="bbox 1392 1363 1575 1382; baseline 0 2935"><span class='ocrx_word' id='word_1_207' title='bbox 1392 1363 1575 1382; x_wconf 95' lang='lat' dir='ltr'> </span> 
     </span>
    </p>
   </div>
   <div class='ocr_carea' id='block_1_5' title="bbox 474 2080 2647 2699">
    <p class='ocr_par' dir='ltr' id='par_1_10' title="bbox 477 2080 2645 2286">
     <span class='ocr_line' id='line_1_23' title="bbox 548 2080 2644 2150; baseline -0 -13"><span class='ocrx_word' id='word_1_208' title='bbox 548 2085 596 2137; x_wconf 86' lang='lat'>1.</span> <span class='ocrx_word' id='word_1_209' title='bbox 666 2086 975 2148; x_wconf 80' lang='lat' dir='ltr'>conceptam</span> <span class='ocrx_word' id='word_1_210' title='bbox 1041 2088 1266 2135; x_wconf 81' lang='lat' dir='ltr'>mortem</span> <span class='ocrx_word' id='word_1_211' title='bbox 1339 2088 1513 2136; x_wconf 79' lang='lat' dir='ltr'>conti·</span> <span class='ocrx_word' id='word_1_212' title='bbox 1611 2099 1786 2149; x_wconf 67' lang='grc' dir='ltr'>ερον-ο,</span> <span class='ocrx_word' id='word_1_213' title='bbox 1818 2099 1963 2150; x_wconf 72' lang='lat' dir='ltr'>spem</span> <span class='ocrx_word' id='word_1_214' title='bbox 1987 2085 2153 2135; x_wconf 80' lang='lat' dir='ltr'>habeo</span> <span class='ocrx_word' id='word_1_215' title='bbox 2178 2087 2277 2136; x_wconf 88' lang='lat' dir='ltr'>cet.</span> <span class='ocrx_word' id='word_1_216' title='bbox 2300 2080 2494 2136; x_wconf 84' lang='lat' dir='ltr'>‘hoffen</span> <span class='ocrx_word' id='word_1_217' title='bbox 2519 2084 2644 2136; x_wconf 84' lang='lat' dir='ltr'>oder</span> 
     </span>
     <span class='ocr_line' id='line_1_24' title="bbox 478 2149 2645 2219; baseline 0.001 -19"><span class='ocrx_word' id='word_1_218' title='bbox 478 2154 632 2202; x_wconf 80' lang='lat' dir='ltr'>neret</span> <span class='ocrx_word' id='word_1_219' title='bbox 665 2149 757 2203; x_wconf 83' lang='lat' dir='ltr'>das</span> <span class='ocrx_word' id='word_1_220' title='bbox 803 2151 1228 2217; x_wconf 83' lang='lat' dir='ltr'>eingenommene</span> <span class='ocrx_word' id='word_1_221' title='bbox 1264 2150 1512 2219; x_wconf 80' lang='lat' dir='ltr'>Mordgil&#39;t</span> <span class='ocrx_word' id='word_1_222' title='bbox 1613 2151 1862 2218; x_wconf 78' lang='lat' dir='ltr'>glauben,</span> <span class='ocrx_word' id='word_1_223' title='bbox 1914 2150 2029 2205; x_wconf 80' lang='lat' dir='ltr'>dats</span> <span class='ocrx_word' id='word_1_224' title='bbox 2081 2158 2245 2204; x_wconf 82' lang='lat' dir='ltr'>etwas</span> <span class='ocrx_word' id='word_1_225' title='bbox 2297 2152 2459 2204; x_wconf 85' lang='lat' dir='ltr'>sehon</span> <span class='ocrx_word' id='word_1_226' title='bbox 2508 2153 2645 2217; x_wconf 80' lang='lat' dir='ltr'>jetzt</span> 
     </span>
     <span class='ocr_line' id='line_1_25' title="bbox 477 2218 2645 2286; baseline 0.001 -16"><span class='ocrx_word' id='word_1_227' title='bbox 477 2218 622 2285; x_wconf 74' lang='lat' dir='ltr'>burg.</span> <span class='ocrx_word' id='word_1_228' title='bbox 1613 2218 1898 2272; x_wconf 78' lang='lat' dir='ltr'>stattfinde⁵</span> <span class='ocrx_word' id='word_1_229' title='bbox 1908 2220 2047 2272; x_wconf 88' lang='lat' dir='ltr'>kann</span> <span class='ocrx_word' id='word_1_230' title='bbox 2057 2219 2149 2273; x_wconf 86' lang='lat' dir='ltr'>der</span> <span class='ocrx_word' id='word_1_231' title='bbox 2156 2218 2427 2272; x_wconf 73' lang='lat' dir='ltr'>Ins.PraeS.</span> <span class='ocrx_word' id='word_1_232' title='bbox 2440 2220 2645 2286; x_wconf 85' lang='lat' dir='ltr'>stehen,</span> 
     </span>
    </p>

    <p class='ocr_par' dir='ltr' id='par_1_11' title="bbox 474 2286 2647 2494">
     <span class='ocr_line' id='line_1_26' title="bbox 549 2286 2647 2355; baseline 0 -17"><span class='ocrx_word' id='word_1_233' title='bbox 549 2287 597 2338; x_wconf 83' lang='lat'>2.</span> <span class='ocrx_word' id='word_1_234' title='bbox 630 2288 996 2353; x_wconf 80' lang='lat' dir='ltr'>praebiberat,</span> <span class='ocrx_word' id='word_1_235' title='bbox 1033 2287 1066 2340; x_wconf 87' lang='lat' dir='ltr'>i.</span> <span class='ocrx_word' id='word_1_236' title='bbox 1093 2287 1144 2340; x_wconf 87' lang='lat' dir='ltr'>d.</span> <span class='ocrx_word' id='word_1_237' title='bbox 1184 2286 1347 2343; x_wconf 73' lang='lat' dir='ltr'>klasS.</span> <span class='ocrx_word' id='word_1_238' title='bbox 1371 2289 1509 2341; x_wconf 85' lang='lat' dir='ltr'>Lati-</span> <span class='ocrx_word' id='word_1_239' title='bbox 1613 2288 1716 2340; x_wconf 81' lang='lat' dir='ltr'>wie</span> <span class='ocrx_word' id='word_1_240' title='bbox 1752 2289 1817 2341; x_wconf 83' lang='lat' dir='ltr'>ad</span> <span class='ocrx_word' id='word_1_241' title='bbox 1851 2288 1972 2342; x_wconf 78' lang='lat' dir='ltr'>fam.</span> <span class='ocrx_word' id='word_1_242' title='bbox 1998 2289 2032 2341; x_wconf 88' lang='lat'>1.</span> <span class='ocrx_word' id='word_1_243' title='bbox 2061 2291 2111 2355; x_wconf 83' lang='lat'>6,</span> <span class='ocrx_word' id='word_1_244' title='bbox 2135 2291 2192 2342; x_wconf 82' lang='lat'>2:</span> <span class='ocrx_word' id='word_1_245' title='bbox 2241 2293 2305 2340; x_wconf 82' lang='lat' dir='ltr'>ut</span> <span class='ocrx_word' id='word_1_246' title='bbox 2348 2304 2556 2354; x_wconf 71' lang='lat' dir='ltr'>sperem</span> <span class='ocrx_word' id='word_1_247' title='bbox 2592 2294 2647 2340; x_wconf 85' lang='lat' dir='ltr'>te</span> 
     </span>
     <span class='ocr_line' id='line_1_27' title="bbox 478 2352 2645 2426; baseline 0 -18"><span class='ocrx_word' id='word_1_248' title='bbox 478 2355 608 2408; x_wconf 62' lang='lat' dir='ltr'>uitat</span> <span class='ocrx_word' id='word_1_249' title='bbox 678 2355 762 2407; x_wconf 89' lang='lat' dir='ltr'>ein</span> <span class='ocrx_word' id='word_1_250' title='bbox 822 2354 976 2417; x_wconf 78' lang='grc' dir='ltr'><strong><em>ἅπαξ</em></strong></span> <span class='ocrx_word' id='word_1_251' title='bbox 1032 2352 1355 2426; x_wconf 69' lang='grc' dir='ltr'>λεγόμενον,</span> <span class='ocrx_word' id='word_1_252' title='bbox 1428 2357 1510 2409; x_wconf 72' lang='lat' dir='ltr'>far</span> <span class='ocrx_word' id='word_1_253' title='bbox 1609 2358 1748 2408; x_wconf 69' lang='lat' dir='ltr'>milti</span> <span class='ocrx_word' id='word_1_254' title='bbox 1768 2359 2076 2423; x_wconf 66' lang='lat' dir='ltr'>ignoscet-03</span> <span class='ocrx_word' id='word_1_255' title='bbox 2101 2372 2252 2424; x_wconf 74' lang='lat' dir='ltr'>sogal·</span> <span class='ocrx_word' id='word_1_256' title='bbox 2276 2357 2367 2409; x_wconf 87' lang='lat' dir='ltr'>der</span> <span class='ocrx_word' id='word_1_257' title='bbox 2389 2356 2481 2409; x_wconf 73' lang='lat' dir='ltr'>lut.</span> <span class='ocrx_word' id='word_1_258' title='bbox 2506 2355 2645 2410; x_wconf 79' lang='lat' dir='ltr'>Pers.</span> 
     </span>
     <span class='ocr_line' id='line_1_28' title="bbox 474 2424 2646 2494; baseline 0 -19"><span class='ocrx_word' id='word_1_259' title='bbox 474 2424 773 2489; x_wconf 78' lang='lat' dir='ltr'>propt‘nare</span> <span class='ocrx_word' id='word_1_260' title='bbox 807 2425 1163 2494; x_wconf 70' lang='grc' dir='ltr'>(προπίνειν).</span> <span class='ocrx_word' id='word_1_261' title='bbox 1609 2440 1714 2477; x_wconf 83' lang='lat' dir='ltr'>von</span> <span class='ocrx_word' id='word_1_262' title='bbox 1734 2440 2097 2492; x_wconf 78' lang='lat' dir='ltr'>vergangenen</span> <span class='ocrx_word' id='word_1_263' title='bbox 2117 2425 2334 2492; x_wconf 81' lang='lat' dir='ltr'>Dingen,</span> <span class='ocrx_word' id='word_1_264' title='bbox 2362 2427 2464 2477; x_wconf 85' lang='lat' dir='ltr'>wie</span> <span class='ocrx_word' id='word_1_265' title='bbox 2483 2430 2646 2477; x_wconf 85' lang='lat' dir='ltr'>unten</span> 
     </span>
    </p>

    <p class='ocr_par' dir='ltr' id='par_1_12' title="bbox 477 2492 2647 2628">
     <span class='ocr_line' id='line_1_29' title="bbox 549 2492 2647 2559; baseline 0.001 -16"><span class='ocrx_word' id='word_1_266' title='bbox 549 2494 597 2546; x_wconf 85' lang='lat'>3.</span> <span class='ocrx_word' id='word_1_267' title='bbox 669 2494 820 2543; x_wconf 78' lang='lat' dir='ltr'>brevi</span> <span class='ocrx_word' id='word_1_268' title='bbox 864 2499 1148 2546; x_wconf 75' lang='lat' dir='ltr'>consecuta</span> <span class='ocrx_word' id='word_1_269' title='bbox 1196 2499 1290 2546; x_wconf 80' lang='lat' dir='ltr'>est.</span> <span class='ocrx_word' id='word_1_270' title='bbox 1359 2492 1507 2546; x_wconf 87' lang='lat' dir='ltr'>Noch</span> <span class='ocrx_word' id='word_1_271' title='bbox 1610 2492 1667 2546; x_wconf 84' lang='grc' dir='ltr'><strong>ΙΙ.</strong></span> <span class='ocrx_word' id='word_1_272' title='bbox 1694 2495 1776 2557; x_wconf 88' lang='grc'>27,</span> <span class='ocrx_word' id='word_1_273' title='bbox 1803 2496 1896 2555; x_wconf 80' lang='grc'>67;</span> <span class='ocrx_word' id='word_1_274' title='bbox 1933 2493 1998 2545; x_wconf 86' lang='lat' dir='ltr'>ad</span> <span class='ocrx_word' id='word_1_275' title='bbox 2031 2493 2138 2546; x_wconf 85' lang='lat' dir='ltr'>Att.</span> <span class='ocrx_word' id='word_1_276' title='bbox 2161 2493 2199 2549; x_wconf 92' lang='lat'>1.</span> <span class='ocrx_word' id='word_1_277' title='bbox 2227 2498 2252 2547; x_wconf 89' lang='lat'>1</span> <span class='ocrx_word' id='word_1_278' title='bbox 2282 2498 2438 2548; x_wconf 60' lang='lat' dir='ltr'>extu:</span> <span class='ocrx_word' id='word_1_279' title='bbox 2485 2508 2647 2559; x_wconf 73' lang='lat' dir='ltr'>spero</span> 
     </span>
     <span class='ocr_line' id='line_1_30' title="bbox 477 2559 2380 2628; baseline 0.002 -17"><span class='ocrx_word' id='word_1_280' title='bbox 477 2561 529 2612; x_wconf 90' lang='lat' dir='ltr'>in</span> <span class='ocrx_word' id='word_1_281' title='bbox 555 2559 854 2612; x_wconf 86' lang='lat' dir='ltr'>demselben</span> <span class='ocrx_word' id='word_1_282' title='bbox 870 2559 1027 2613; x_wconf 83' lang='lat' dir='ltr'>Jahre</span> <span class='ocrx_word' id='word_1_283' title='bbox 1045 2564 1187 2628; x_wconf 84' lang='lat'><strong>(403)</strong></span> <span class='ocrx_word' id='word_1_284' title='bbox 1210 2561 1296 2614; x_wconf 88' lang='lat' dir='ltr'>fiel</span> <span class='ocrx_word' id='word_1_285' title='bbox 1317 2561 1507 2616; x_wconf 83' lang='lat' dir='ltr'>Kritias</span> <span class='ocrx_word' id='word_1_286' title='bbox 1612 2563 1712 2612; x_wconf 80' lang='lat' dir='ltr'>tibi</span> <span class='ocrx_word' id='word_1_287' title='bbox 1745 2577 1827 2612; x_wconf 85' lang='lat' dir='ltr'>me</span> <span class='ocrx_word' id='word_1_288' title='bbox 1862 2577 2081 2614; x_wconf 77' lang='lat' dir='ltr'>eausam</span> <span class='ocrx_word' id='word_1_289' title='bbox 2107 2564 2380 2628; x_wconf 75' lang='lat' dir='ltr'>probasse.</span> 
     </span>
    </p>

    <p class='ocr_par' dir='ltr' id='par_1_13' title="bbox 478 2628 2647 2699">
     <span class='ocr_line' id='line_1_31' title="bbox 478 2628 2647 2699; baseline 0.001 -20"><span class='ocrx_word' id='word_1_290' title='bbox 478 2630 547 2679; x_wconf 89' lang='lat' dir='ltr'>im</span> <span class='ocrx_word' id='word_1_291' title='bbox 585 2628 803 2694; x_wconf 77' lang='lat' dir='ltr'>Kampfe</span> <span class='ocrx_word' id='word_1_292' title='bbox 840 2643 1008 2696; x_wconf 80' lang='lat' dir='ltr'>gegen</span> <span class='ocrx_word' id='word_1_293' title='bbox 1045 2629 1358 2699; x_wconf 78' lang='lat' dir='ltr'>Thrasybul.</span> <span class='ocrx_word' id='word_1_294' title='bbox 1683 2632 1764 2683; x_wconf 85' lang='lat'>12.</span> <span class='ocrx_word' id='word_1_295' title='bbox 1783 2632 1896 2681; x_wconf 78' lang='lat' dir='ltr'>eive</span> <span class='ocrx_word' id='word_1_296' title='bbox 1910 2647 2095 2682; x_wconf 72' lang='lat' dir='ltr'>semus</span> <span class='ocrx_word' id='word_1_297' title='bbox 2110 2632 2496 2696; x_wconf 70' lang='lat' dir='ltr'>exstinguitur.</span> <span class='ocrx_word' id='word_1_298' title='bbox 2516 2628 2647 2682; x_wconf 87' lang='lat' dir='ltr'>Dem</span> 
     </span>
    </p>
   </div>
   <div class='ocr_carea' id='block_1_6' title="bbox 478 2697 2649 3106">
    <p class='ocr_par' dir='ltr' id='par_1_14' title="bbox 478 2697 2647 2820">
     <span class='ocr_line' id='line_1_32' title="bbox 547 2697 2647 2769; baseline 0 -21"><span class='ocrx_word' id='word_1_299' title='bbox 547 2699 597 2748; x_wconf 89' lang='lat'>4.</span> <span class='ocrx_word' id='word_1_300' title='bbox 633 2699 693 2747; x_wconf 82' lang='lat' dir='ltr'>in</span> <span class='ocrx_word' id='word_1_301' title='bbox 727 2699 846 2763; x_wconf 78' lang='lat' dir='ltr'>ipsa</span> <span class='ocrx_word' id='word_1_302' title='bbox 869 2703 1057 2763; x_wconf 79' lang='lat' dir='ltr'>morte,</span> <span class='ocrx_word' id='word_1_303' title='bbox 1094 2714 1200 2765; x_wconf 79' lang='lat' dir='ltr'>erg.</span> <span class='ocrx_word' id='word_1_304' title='bbox 1226 2699 1509 2763; x_wconf 81' lang='lat' dir='ltr'>bewiesen‚</span> <span class='ocrx_word' id='word_1_305' title='bbox 1612 2698 1898 2764; x_wconf 82' lang='lat' dir='ltr'>entepricht</span> <span class='ocrx_word' id='word_1_306' title='bbox 1915 2703 2019 2751; x_wconf 83' lang='lat' dir='ltr'>erst</span> <span class='ocrx_word' id='word_1_307' title='bbox 2039 2701 2072 2765; x_wconf 65' lang='grc' dir='ltr'><strong>ξ</strong></span> <span class='ocrx_word' id='word_1_308' title='bbox 2092 2702 2158 2753; x_wconf 88' lang='grc'>98</span> <span class='ocrx_word' id='word_1_309' title='bbox 2174 2697 2647 2769; x_wconf 83' lang='lat' dir='ltr'>(anakoluthisch):</span> 
     </span>
     <span class='ocr_line' id='line_1_33' title="bbox 478 2763 2175 2820; baseline 0.003 -5"><span class='ocrx_word' id='word_1_310' title='bbox 478 2763 763 2815; x_wconf 84' lang='lat' dir='ltr'>attributiv.</span> <span class='ocrx_word' id='word_1_311' title='bbox 1613 2765 1714 2818; x_wconf 81' lang='lat' dir='ltr'>Sin</span> <span class='ocrx_word' id='word_1_312' title='bbox 1747 2782 1878 2818; x_wconf 79' lang='lat' dir='ltr'>vera</span> <span class='ocrx_word' id='word_1_313' title='bbox 1912 2771 2042 2818; x_wconf 76' lang='lat' dir='ltr'>eunt</span> <span class='ocrx_word' id='word_1_314' title='bbox 2075 2774 2175 2820; x_wconf 86' lang='lat' dir='ltr'>cet.</span> 
     </span>
    </p>

    <p class='ocr_par' dir='ltr' id='par_1_15' title="bbox 481 2830 2649 3106">
     <span class='ocr_line' id='line_1_34' title="bbox 547 2830 2576 2901; baseline 0.003 -20"><span class='ocrx_word' id='word_1_315' title='bbox 547 2831 816 2883; x_wconf 79' lang='lat' dir='ltr'>laudaret.</span> <span class='ocrx_word' id='word_1_316' title='bbox 887 2830 1006 2885; x_wconf 83' lang='lat' dir='ltr'>Man</span> <span class='ocrx_word' id='word_1_317' title='bbox 1039 2834 1226 2885; x_wconf 75' lang='lat' dir='ltr'>musste</span> <span class='ocrx_word' id='word_1_318' title='bbox 1260 2835 1513 2887; x_wconf 85' lang='lat' dir='ltr'>vielmehr</span> <span class='ocrx_word' id='word_1_319' title='bbox 1684 2836 1768 2889; x_wconf 86' lang='lat'>18.</span> <span class='ocrx_word' id='word_1_320' title='bbox 1802 2837 2215 2901; x_wconf 76' lang='lat' dir='ltr'>mig-rationem,</span> <span class='ocrx_word' id='word_1_321' title='bbox 2250 2835 2354 2901; x_wconf 77' lang='lat' dir='ltr'>vgl.</span> <span class='ocrx_word' id='word_1_322' title='bbox 2385 2836 2464 2898; x_wconf 87' lang='lat'>12,</span> <span class='ocrx_word' id='word_1_323' title='bbox 2489 2835 2576 2888; x_wconf 92' lang='grc'><strong>27.</strong></span> 
     </span>
     <span class='ocr_line' id='line_1_35' title="bbox 481 2898 2528 2972; baseline 0.003 -22"><span class='ocrx_word' id='word_1_324' title='bbox 481 2898 565 2950; x_wconf 87' lang='lat' dir='ltr'>die</span> <span class='ocrx_word' id='word_1_325' title='bbox 612 2902 783 2949; x_wconf 78' lang='lat' dir='ltr'>animi</span> <span class='ocrx_word' id='word_1_326' title='bbox 826 2904 1071 2966; x_wconf 76' lang='lat' dir='ltr'>aequitas</span> <span class='ocrx_word' id='word_1_327' title='bbox 1115 2902 1166 2953; x_wconf 92' lang='lat' dir='ltr'>in</span> <span class='ocrx_word' id='word_1_328' title='bbox 1203 2901 1317 2956; x_wconf 85' lang='lat' dir='ltr'>dem</span> <span class='ocrx_word' id='word_1_329' title='bbox 1355 2918 1514 2969; x_wconf 79' lang='lat' dir='ltr'>ange·</span> <span class='ocrx_word' id='word_1_330' title='bbox 1683 2905 1764 2956; x_wconf 82' lang='lat'>19.</span> <span class='ocrx_word' id='word_1_331' title='bbox 1798 2905 1908 2954; x_wconf 80' lang='lat' dir='ltr'>iam</span> <span class='ocrx_word' id='word_1_332' title='bbox 1943 2929 2013 2950; x_wconf 61' lang='grc' dir='ltr'>ε-</span> <span class='ocrx_word' id='word_1_333' title='bbox 2050 2900 2141 2972; x_wconf 70' lang='grc' dir='ltr'>ὃής</span> <span class='ocrx_word' id='word_1_334' title='bbox 2178 2902 2528 2956; x_wconf 85' lang='lat' dir='ltr'>entschieden.</span> 
     </span>
     <span class='ocr_line' id='line_1_36' title="bbox 482 2967 2649 3039; baseline 0.001 -20"><span class='ocrx_word' id='word_1_335' title='bbox 482 2981 787 3019; x_wconf 83' lang='lat' dir='ltr'>nommenen</span> <span class='ocrx_word' id='word_1_336' title='bbox 810 2967 953 3019; x_wconf 76' lang='lat' dir='ltr'>Faue</span> <span class='ocrx_word' id='word_1_337' title='bbox 977 2969 1056 3021; x_wconf 85' lang='lat' dir='ltr'>als</span> <span class='ocrx_word' id='word_1_338' title='bbox 1074 2968 1512 3037; x_wconf 78' lang='lat' dir='ltr'>Gefiihllosigkeit</span> <span class='ocrx_word' id='word_1_339' title='bbox 1679 2973 1911 3023; x_wconf 77' lang='lat' dir='ltr'>beatius:</span> <span class='ocrx_word' id='word_1_340' title='bbox 1936 2972 2232 3039; x_wconf 76' lang='lat' dir='ltr'>geeigneter</span> <span class='ocrx_word' id='word_1_341' title='bbox 2250 2988 2316 3023; x_wconf 85' lang='lat' dir='ltr'>zu</span> <span class='ocrx_word' id='word_1_342' title='bbox 2336 2968 2649 3035; x_wconf 75' lang='lat' dir='ltr'>beglflcken‚</span> 
     </span>
     <span class='ocr_line' id='line_1_37' title="bbox 484 3034 2647 3106; baseline 0.002 -21"><span class='ocrx_word' id='word_1_343' title='bbox 484 3034 877 3088; x_wconf 85' lang='lat' dir='ltr'>brandmarken.</span> <span class='ocrx_word' id='word_1_344' title='bbox 1613 3038 1993 3106; x_wconf 68' lang='lat' dir='ltr'>beseligenden</span> <span class='ocrx_word' id='word_1_345' title='bbox 2032 3040 2138 3106; x_wconf 79' lang='lat' dir='ltr'>vgl.</span> <span class='ocrx_word' id='word_1_346' title='bbox 2175 3040 2240 3092; x_wconf 87' lang='lat' dir='ltr'>de</span> <span class='ocrx_word' id='word_1_347' title='bbox 2265 3038 2350 3092; x_wconf 82' lang='lat' dir='ltr'>off.</span> <span class='ocrx_word' id='word_1_348' title='bbox 2376 3039 2411 3091; x_wconf 90' lang='lat'>1.</span> <span class='ocrx_word' id='word_1_349' title='bbox 2441 3042 2521 3103; x_wconf 83' lang='lat'>17,</span> <span class='ocrx_word' id='word_1_350' title='bbox 2547 3040 2647 3090; x_wconf 83' lang='lat'>56:</span> 
     </span>
    </p>
   </div>
   <div class='ocr_carea' id='block_1_7' title="bbox 478 3103 2650 3379">
    <p class='ocr_par' dir='ltr' id='par_1_16' title="bbox 478 3103 2650 3379">
     <span class='ocr_line' id='line_1_38' title="bbox 542 3103 2649 3185; baseline 0.002 -31"><span class='ocrx_word' id='word_1_351' title='bbox 542 3106 597 3184; x_wconf 61' lang='lat' dir='ltr'>p.</span> <span class='ocrx_word' id='word_1_352' title='bbox 646 3103 919 3185; x_wconf 45' lang='lat' dir='ltr'>Vadt’tj‘n</span> <span class='ocrx_word' id='word_1_353' title='bbox 966 3105 1187 3157; x_wconf 81' lang='lat' dir='ltr'>eundem</span> <span class='ocrx_word' id='word_1_354' title='bbox 1230 3110 1510 3173; x_wconf 73' lang='lat' dir='ltr'>scyphum,</span> <span class='ocrx_word' id='word_1_355' title='bbox 1612 3105 1771 3160; x_wconf 74' lang='lat' dir='ltr'><em>Nihil</em></span> <span class='ocrx_word' id='word_1_356' title='bbox 1827 3114 2007 3159; x_wconf 79' lang='lat' dir='ltr'>autem</span> <span class='ocrx_word' id='word_1_357' title='bbox 2064 3114 2145 3160; x_wconf 81' lang='lat' dir='ltr'>est</span> <span class='ocrx_word' id='word_1_358' title='bbox 2200 3109 2488 3159; x_wconf 58' lang='lat' dir='ltr'>amabilius</span> <span class='ocrx_word' id='word_1_359' title='bbox 2544 3122 2649 3159; x_wconf 80' lang='lat' dir='ltr'>nec</span> 
     </span>
     <span class='ocr_line' id='line_1_39' title="bbox 478 3170 2648 3298; baseline 0.001 -7"><span class='ocrx_word' id='word_1_360' title='bbox 478 3170 1347 3295; x_wconf 43' lang='lat'>{2322‘&#39;3235‘25211333333</span> <span class='ocrx_word' id='word_1_361' title='bbox 1383 3175 1511 3296; x_wconf 58' lang='lat' dir='ltr'>‘³2‘ss</span> <span class='ocrx_word' id='word_1_362' title='bbox 1613 3175 2648 3298; x_wconf 48' lang='lat' dir='ltr'>{353²“0‘222fflm83’22&#39;ffl1&#39;35tt</span> 
     </span>
     <span class='ocr_line' id='line_1_40' title="bbox 479 3283 2650 3379; baseline 0.001 -20"><span class='ocrx_word' id='word_1_363' title='bbox 479 3307 699 3372; x_wconf 70' lang='lat' dir='ltr'>imbues,</span> <span class='ocrx_word' id='word_1_364' title='bbox 719 3309 843 3362; x_wconf 83' lang='lat' dir='ltr'>aber</span> <span class='ocrx_word' id='word_1_365' title='bbox 860 3308 977 3361; x_wconf 87' lang='lat' dir='ltr'>dem</span> <span class='ocrx_word' id='word_1_366' title='bbox 998 3309 1189 3363; x_wconf 84' lang='lat' dir='ltr'>Pathos</span> <span class='ocrx_word' id='word_1_367' title='bbox 1208 3284 1507 3379; x_wconf 70' lang='lat' dir='ltr'>dergz’mzen</span> <span class='ocrx_word' id='word_1_368' title='bbox 1611 3312 1747 3364; x_wconf 87' lang='lat' dir='ltr'>noch</span> <span class='ocrx_word' id='word_1_369' title='bbox 1781 3313 1971 3365; x_wconf 85' lang='lat' dir='ltr'>andere</span> <span class='ocrx_word' id='word_1_370' title='bbox 2005 3283 2143 3366; x_wconf 68' lang='lat' dir='ltr'>Part.</span> <span class='ocrx_word' id='word_1_371' title='bbox 2180 3312 2316 3365; x_wconf 77' lang='lat' dir='ltr'>Pers.</span> <span class='ocrx_word' id='word_1_372' title='bbox 2344 3311 2505 3376; x_wconf 55' lang='lat' dir='ltr'>Pasa,</span> <span class='ocrx_word' id='word_1_373' title='bbox 2542 3311 2650 3363; x_wconf 82' lang='lat' dir='ltr'>wie</span> 
     </span>
    </p>
   </div>
   <div class='ocr_carea' id='block_1_8' title="bbox 421 3375 2652 3582">
    <p class='ocr_par' dir='ltr' id='par_1_17' title="bbox 421 3375 2652 3582">
     <span class='ocr_line' id='line_1_41' title="bbox 482 3375 2650 3446; baseline 0.002 -19"><span class='ocrx_word' id='word_1_374' title='bbox 482 3375 645 3428; x_wconf 86' lang='lat' dir='ltr'>Stelle</span> <span class='ocrx_word' id='word_1_375' title='bbox 681 3378 1116 3445; x_wconf 81' lang='lat' dir='ltr'>entsprechendes</span> <span class='ocrx_word' id='word_1_376' title='bbox 1150 3379 1395 3446; x_wconf 76' lang='lat' dir='ltr'>Zeugma.</span> <span class='ocrx_word' id='word_1_377' title='bbox 1611 3395 1655 3431; x_wconf 89' lang='lat' dir='ltr'>z.</span> <span class='ocrx_word' id='word_1_378' title='bbox 1695 3379 1754 3433; x_wconf 93' lang='lat' dir='ltr'>B.</span> <span class='ocrx_word' id='word_1_379' title='bbox 1812 3383 2209 3445; x_wconf 72' lang='lat' dir='ltr'>consideratus,</span> <span class='ocrx_word' id='word_1_380' title='bbox 2271 3386 2485 3444; x_wconf 75' lang='lat' dir='ltr'>cautus,</span> <span class='ocrx_word' id='word_1_381' title='bbox 2538 3382 2650 3431; x_wconf 77' lang='lat' dir='ltr'>cir-</span> 
     </span>
     <span class='ocr_line' id='line_1_42' title="bbox 421 3447 2652 3582; baseline 0.001 -86"><span class='ocrx_word' id='word_1_382' title='bbox 421 3508 424 3511; x_wconf 16' lang='lat'>&lt;</span> <span class='ocrx_word' id='word_1_383' title='bbox 481 3447 822 3566; x_wconf 42' lang='lat' dir='ltr'>mgni-{aucis</span> <span class='ocrx_word' id='word_1_384' title='bbox 850 3451 979 3513; x_wconf 73' lang='lat' dir='ltr'>post</span> <span class='ocrx_word' id='word_1_385' title='bbox 1012 3451 1197 3501; x_wconf 76' lang='lat' dir='ltr'>annis:</span> <span class='ocrx_word' id='word_1_386' title='bbox 1233 3448 1303 3500; x_wconf 92' lang='lat' dir='ltr'>im</span> <span class='ocrx_word' id='word_1_387' title='bbox 1338 3447 1386 3501; x_wconf 89' lang='lat' dir='ltr'>J.</span> <span class='ocrx_word' id='word_1_388' title='bbox 1406 3452 1507 3503; x_wconf 81' lang='lat'>399</span> <span class='ocrx_word' id='word_1_389' title='bbox 1613 3453 1963 3582; x_wconf 48' lang='lat' dir='ltr'>{Zssffiglfgq</span> <span class='ocrx_word' id='word_1_390' title='bbox 1997 3451 2092 3502; x_wconf 87' lang='lat' dir='ltr'>mit</span> <span class='ocrx_word' id='word_1_391' title='bbox 2117 3451 2310 3503; x_wconf 83' lang='lat' dir='ltr'>activer</span> <span class='ocrx_word' id='word_1_392' title='bbox 2335 3447 2652 3515; x_wconf 78' lang='lat' dir='ltr'>Bedeutung</span> 
     </span>
    </p>
   </div>
   <div class='ocr_carea' id='block_1_9' title="bbox 481 3580 2664 3924">
    <p class='ocr_par' dir='ltr' id='par_1_18' title="bbox 481 3580 2656 3856">
     <span class='ocr_line' id='line_1_43' title="bbox 553 3580 2652 3651; baseline 0 -18"><span class='ocrx_word' id='word_1_393' title='bbox 553 3583 599 3634; x_wconf 88' lang='lat'>8.</span> <span class='ocrx_word' id='word_1_394' title='bbox 634 3580 814 3631; x_wconf 85' lang='lat' dir='ltr'>Plato:</span> <span class='ocrx_word' id='word_1_395' title='bbox 862 3583 1012 3650; x_wconf 87' lang='lat' dir='ltr'>Apol.</span> <span class='ocrx_word' id='word_1_396' title='bbox 1062 3582 1203 3635; x_wconf 87' lang='lat' dir='ltr'>Socr.</span> <span class='ocrx_word' id='word_1_397' title='bbox 1254 3597 1298 3635; x_wconf 88' lang='lat' dir='ltr'>c.</span> <span class='ocrx_word' id='word_1_398' title='bbox 1338 3584 1403 3635; x_wconf 89' lang='grc'>32</span> <span class='ocrx_word' id='word_1_399' title='bbox 1440 3583 1510 3651; x_wconf 90' lang='lat' dir='ltr'>(p.</span> <span class='ocrx_word' id='word_1_400' title='bbox 1684 3584 1756 3636; x_wconf 89' lang='lat' dir='ltr'>Zu</span> <span class='ocrx_word' id='word_1_401' title='bbox 1799 3584 1938 3637; x_wconf 84' lang='lat' dir='ltr'>Tene</span> <span class='ocrx_word' id='word_1_402' title='bbox 1973 3586 2078 3651; x_wconf 83' lang='lat' dir='ltr'>(wo</span> <span class='ocrx_word' id='word_1_403' title='bbox 2113 3602 2180 3636; x_wconf 82' lang='lat' dir='ltr'>ne</span> <span class='ocrx_word' id='word_1_404' title='bbox 2213 3607 2282 3628; x_wconf 83' lang='lat'>===</span> <span class='ocrx_word' id='word_1_405' title='bbox 2313 3599 2444 3636; x_wconf 82' lang='lat' dir='ltr'>num</span> <span class='ocrx_word' id='word_1_406' title='bbox 2478 3584 2567 3647; x_wconf 89' lang='lat' dir='ltr'>ist,</span> <span class='ocrx_word' id='word_1_407' title='bbox 2606 3596 2652 3633; x_wconf 82' lang='lat' dir='ltr'>s.</span> 
     </span>
     <span class='ocr_line' id='line_1_44' title="bbox 481 3638 2654 3720; baseline 0.001 -20"><span class='ocrx_word' id='word_1_408' title='bbox 481 3650 548 3701; x_wconf 84' lang='lat'>40</span> <span class='ocrx_word' id='word_1_409' title='bbox 573 3650 637 3711; x_wconf 90' lang='lat' dir='ltr'>c).</span> <span class='ocrx_word' id='word_1_410' title='bbox 716 3647 836 3701; x_wconf 78' lang='lat' dir='ltr'>Mau</span> <span class='ocrx_word' id='word_1_411' title='bbox 881 3650 1172 3717; x_wconf 82' lang='lat' dir='ltr'>vergleiche</span> <span class='ocrx_word' id='word_1_412' title='bbox 1217 3651 1301 3703; x_wconf 86' lang='lat' dir='ltr'>die</span> <span class='ocrx_word' id='word_1_413' title='bbox 1348 3638 1510 3704; x_wconf 67' lang='lat' dir='ltr'>fiber·</span> <span class='ocrx_word' id='word_1_414' title='bbox 1614 3667 1678 3705; x_wconf 85' lang='lat' dir='ltr'>zu</span> <span class='ocrx_word' id='word_1_415' title='bbox 1717 3656 1812 3717; x_wconf 87' lang='grc'>27,</span> <span class='ocrx_word' id='word_1_416' title='bbox 1847 3657 1933 3720; x_wconf 86' lang='grc'>67)</span> <span class='ocrx_word' id='word_1_417' title='bbox 1977 3682 2044 3691; x_wconf 90' lang='grc'><strong>-</strong></span> <span class='ocrx_word' id='word_1_418' title='bbox 2097 3656 2283 3704; x_wconf 82' lang='lat' dir='ltr'>venire</span> <span class='ocrx_word' id='word_1_419' title='bbox 2334 3657 2434 3707; x_wconf 87' lang='lat' dir='ltr'>cet.</span> <span class='ocrx_word' id='word_1_420' title='bbox 2488 3651 2654 3704; x_wconf 84' lang='lat' dir='ltr'>sollte</span> 
     </span>
     <span class='ocr_line' id='line_1_45' title="bbox 481 3718 2655 3788; baseline 0.001 -21"><span class='ocrx_word' id='word_1_421' title='bbox 481 3721 698 3782; x_wconf 78' lang='lat' dir='ltr'>setzung</span> <span class='ocrx_word' id='word_1_422' title='bbox 768 3718 862 3769; x_wconf 89' lang='lat' dir='ltr'>mit</span> <span class='ocrx_word' id='word_1_423' title='bbox 920 3719 1035 3771; x_wconf 86' lang='lat' dir='ltr'>dem</span> <span class='ocrx_word' id='word_1_424' title='bbox 1096 3718 1318 3785; x_wconf 81' lang='lat' dir='ltr'>original</span> <span class='ocrx_word' id='word_1_425' title='bbox 1381 3720 1513 3771; x_wconf 81' lang='lat' dir='ltr'>voll—</span> <span class='ocrx_word' id='word_1_426' title='bbox 1616 3720 1731 3772; x_wconf 83' lang='lat' dir='ltr'>dem</span> <span class='ocrx_word' id='word_1_427' title='bbox 1765 3720 2229 3788; x_wconf 79' lang='lat' dir='ltr'>Vorhergehenden</span> <span class='ocrx_word' id='word_1_428' title='bbox 2268 3718 2655 3787; x_wconf 85' lang='lat' dir='ltr'>entsprechend</span> 
     </span>
     <span class='ocr_line' id='line_1_46' title="bbox 483 3784 2656 3856; baseline 0 -19"><span class='ocrx_word' id='word_1_429' title='bbox 483 3784 706 3846; x_wconf 66' lang='lat' dir='ltr'>standig.</span> <span class='ocrx_word' id='word_1_430' title='bbox 1616 3789 1693 3841; x_wconf 85' lang='lat' dir='ltr'>als</span> <span class='ocrx_word' id='word_1_431' title='bbox 1718 3787 1965 3842; x_wconf 68' lang='lat' dir='ltr'>Pradikat</span> <span class='ocrx_word' id='word_1_432' title='bbox 1987 3789 2187 3856; x_wconf 77' lang='lat' dir='ltr'>folgen:</span> <span class='ocrx_word' id='word_1_433' title='bbox 2222 3790 2492 3841; x_wconf 81' lang='lat' dir='ltr'>mediocre</span> <span class='ocrx_word' id='word_1_434' title='bbox 2516 3791 2656 3852; x_wconf 76' lang='lat' dir='ltr'>eet?,</span> 
     </span>
    </p>

    <p class='ocr_par' dir='ltr' id='par_1_19' title="bbox 555 3854 2664 3924">
     <span class='ocr_line' id='line_1_47' title="bbox 555 3854 2664 3924; baseline 0.001 -18"><span class='ocrx_word' id='word_1_435' title='bbox 555 3855 609 3906; x_wconf 88' lang='grc'><strong>9.</strong></span> <span class='ocrx_word' id='word_1_436' title='bbox 676 3870 794 3921; x_wconf 72' lang='lat' dir='ltr'>spes</span> <span class='ocrx_word' id='word_1_437' title='bbox 826 3882 891 3893; x_wconf 91' lang='lat'>-—</span> <span class='ocrx_word' id='word_1_438' title='bbox 931 3856 1059 3907; x_wconf 82' lang='lat' dir='ltr'>bene</span> <span class='ocrx_word' id='word_1_439' title='bbox 1104 3859 1328 3909; x_wconf 84' lang='lat' dir='ltr'>evenire.</span> <span class='ocrx_word' id='word_1_440' title='bbox 1417 3854 1513 3908; x_wconf 86' lang='lat' dir='ltr'>Bei</span> <span class='ocrx_word' id='word_1_441' title='bbox 1615 3856 1787 3909; x_wconf 76' lang='lat' dir='ltr'>wofur</span> <span class='ocrx_word' id='word_1_442' title='bbox 1821 3858 1944 3911; x_wconf 87' lang='lat' dir='ltr'>aber</span> <span class='ocrx_word' id='word_1_443' title='bbox 1988 3859 2082 3910; x_wconf 86' lang='lat' dir='ltr'>mit</span> <span class='ocrx_word' id='word_1_444' title='bbox 2118 3857 2523 3924; x_wconf 80' lang='lat' dir='ltr'>Wiederholung</span> <span class='ocrx_word' id='word_1_445' title='bbox 2563 3856 2664 3909; x_wconf 81' lang='lat' dir='ltr'>des</span> 
     </span>
    </p>
   </div>
  </div>
 </body>
</html>
