2834 4317
137 1135 193 1185 10

139 1562 198 1614 15

996 186 1187 240 menn
1219 188 1276 241 ιι.
1314 191 1362 255 e,
1402 192 1484 244 ιθ.
1523 192 1604 243 17.
2258 190 2377 247 117

230 360 446 421 malum
479 359 745 421 dolorem
776 359 992 422 dicere.
1053 361 1278 423 Deinde
1323 361 1393 420 ad
1435 360 1592 421 hanc
1637 370 1969 422 enervatam
2002 361 2383 424 muliebrem-

230 464 344 523 que
389 445 744 507 sententiam
784 445 926 508 satis
954 445 1204 508 docilem
1245 464 1308 507 se
1338 445 1632 526 Epicurus
1675 445 1967 526 praebuit.
2028 447 2204 509 Hunc
2248 458 2385 529 post

228 530 495 592 Rhodius
524 530 924 611 Hieronymus
965 531 1171 592 dolore
1201 549 1407 592 vacare
1452 550 1745 592 summum
1779 530 2005 593 honum
2036 533 2206 608 dixit3
2250 541 2385 594 tan-

230 625 355 677 tum
396 615 459 675 in
493 615 698 677 dolore
729 617 895 678 duxit
931 616 1088 677 mali.
1149 616 1339 679 Ceteri
1379 625 1617 696 praeter
1646 617 1980 692 Zenonem,
2026 619 2385 693 Aristonem,

232 701 599 781 Pyrrhonem
647 700 803 763 idem
849 703 973 764 fere
1006 701 1163 781 quod
1210 701 1384 762 modo
1415 711 1510 762 tu:
1556 703 1774 764 malum
1804 702 1947 764 illud
1980 704 2237 782 quidem,
2282 705 2386 765 sed

231 787 339 847 alia
371 786 594 867 peiora.
654 785 815 865 Ergo
846 788 923 861 id,
956 789 1113 867 quod
1149 795 1357 848 natura
1385 788 1514 866 ipsa
1545 795 1604 848 et
1632 788 1919 866 quaedam
1949 807 2238 868 generosa
2267 789 2386 850 vir-

232 881 327 932 tus
371 872 566 933 statim
601 872 846 951 respuit,
889 892 967 934 ne
1010 872 1237 935 scilicet
1266 872 1533 933 dolorem
1579 892 1876 934 summum
1908 874 2128 935 malum
2159 874 2388 936 diceres

233 956 628 1037 oppositoque
658 956 949 1019 dedecore
979 958 1275 1019 sententia
1303 958 1794 1038 depellereres-in
1827 978 1897 1020 eo
1930 959 2206 1039 magistra
2237 959 2389 1020 vitae

235 1037 608 1123 philosophia
638 1050 727 1126 tot
747 1043 975 1104 saecula
1000 1051 1327 1124 permanet.
1390 1043 1566 1114 Quod
1588 1043 1727 1104 huic
1753 1044 2034 1118 officium,
2061 1063 2213 1125 quae
2245 1044 2390 1121 laus,

238 1128 395 1207 quod
441 1129 621 1189 decus
665 1128 778 1188 erit
818 1129 987 1204 tanti,
1035 1129 1195 1207 quod
1238 1128 1483 1208 adipisci
1514 1147 1650 1189 cum
1681 1127 1887 1190 dolore
1918 1131 2188 1209 corporis
2234 1130 2386 1204 velit,

234 1213 334 1292 qui
359 1213 626 1274 dolorem
656 1231 952 1275 summum
985 1214 1205 1275 malum
1235 1213 1348 1275 sihi
1380 1233 1511 1275 esse
1541 1212 1942 1294 persuaserit?
1989 1215 2176 1286 Quam
2207 1233 2390 1295 porro

234 1298 368 1377 quis
399 1298 807 1377 ignominiam,
847 1317 1026 1378 quam
1056 1299 1488 1378 turpitudinem
1521 1317 1644 1359 non
1676 1299 2006 1378 pertulerit,
2051 1310 2119 1360 ut
2149 1299 2392 1379 effugiat

235 1383 520 1458 dolorem,
566 1383 617 1445 si
662 1384 718 1444 id
763 1402 1061 1446 summum
1105 1383 1324 1445 malum
1370 1403 1500 1445 esse
1544 1381 1913 1445 decreverit?
2001 1385 2147 1456 Quis
2193 1393 2392 1446 autem

239 1487 361 1530 non
411 1468 590 1530 miser
634 1488 755 1530 non
803 1470 981 1530 modo
1026 1477 1193 1542 tunc,
1239 1488 1375 1530 cum
1422 1476 1730 1549 premetur
1772 1470 2020 1530 summis
2065 1469 2390 1542 dolorihuS,

239 1554 287 1615 si
332 1554 394 1614 in
445 1553 517 1615 iis
549 1562 639 1615 est
668 1572 966 1616 summum
999 1555 1237 1628 malum,
1282 1554 1384 1617 sed
1419 1554 1594 1615 etiam
1625 1572 1759 1615 cum
1791 1555 1938 1615 sciet
1967 1554 2024 1615 id
2056 1554 2169 1617 sihi
2215 1574 2390 1635 posse

242 1635 522 1701 evenire?
554 1639 768 1718 etquis
791 1648 881 1701 est
904 1640 998 1701 cui
1024 1660 1146 1702 non
1180 1637 1410 1721 possit?
1456 1638 1544 1700 Ita
1573 1640 1640 1700 fit
1668 1648 1736 1700 ut
1767 1640 2012 1701 omnino
2048 1659 2223 1701 nemo
2258 1660 2387 1702 esse

239 1724 428 1803 possit
456 1723 680 1786 heatus.
756 1725 1128 1787 Metrodorus
1159 1725 1399 1805 quidem
1432 1725 1695 1804 perfecte
1739 1745 1874 1786 eum
1917 1724 2154 1787 beatum
2200 1734 2386 1806 putat,

238 1822 564 1903 Vorlfiuferin
601 1823 692 1904 der
725 1822 1146 1905 Epikureischen,
1182 1826 1265 1878 die
1436 1825 1623 1876 Aristo
1670 1840 1762 1877 aus
1808 1825 1989 1907 Chios,
2043 1824 2260 1877 Schiiler
2302 1826 2394 1877 des

241 1892 574 2024 &Jffif’tssfssz
603 1892 1081 2024 333¹{;.{{¹‘⁶1¹3.¹‚?;{
1104 1893 1266 2013 '5331‘ss
1366 1893 1552 2025 ἕὶᾛὸ,
1594 1891 1709 2014 ἕέ·
1755 1893 1883 1945 “b“
1921 1894 2011 1945 ¹¹¹⁰
2056 1893 2161 1946 '¹⁰¹¹
2195 1892 2394 1959 ¹²³“¹¹⁰

240 2027 353 2080 dert
387 2028 476 2079 ihn
515 2029 664 2096 epist.
703 2029 736 2080 1.
779 2032 838 2082 17
878 2028 1215 2084 vortrefflich.
1439 2032 1486 2081 5.
1523 2030 1738 2096 Pyrrho
1775 2045 1868 2081 aus
1905 2029 2028 2091 Elis,
2082 2027 2396 2081 Alexanders

312 2100 358 2150 1.
384 2097 459 2148 ad
479 2098 620 2148 hane
644 2126 702 2135 -
732 2089 1265 2149 sententiam‘fiir-—'
1368 2096 1628 2162 Begleiter
1664 2096 1757 2148 auf
1787 2099 1964 2149 seinen
1996 2098 2193 2163 Zfigen,
2225 2095 2334 2147 Hau
2375 2100 2396 2146 t

243 2166 400 2231 hangt
425 2180 528 2216 von
554 2166 744 2217 docilis
769 2166 848 2217 ab.
902 2165 971 2218 So
990 2165 1265 2230 111.15‚33:

242 2235 393 2284 hebes
417 2233 492 2284 ad
514 2253 610 2292 -ς
646 2235 836 2296 33‚79:
872 2234 1063 2296 firmus
1087 2235 1160 2285 ad
1182 2262 1268 2299 —‚

243 2319 291 2354 ιι.
317 2305 367 2355 ὃ.
428 2288 566 2352 Uber
601 2302 684 2353 die
719 2300 1065 2368 Anwendung
1099 2301 1267 2353 dieser

242 2369 393 2437 Prfip.
439 2369 522 2421 bei
560 2368 737 2421 Verbis
781 2369 886 2421 und
933 2368 1107 2422 Subst.
1155 2385 1196 2423 s,
1229 2369 1268 2422 Ι.

242 2441 292 2504 4,
329 2440 359 2491 8
396 2453 447 2490 ιι.
482 2436 558 2490 111.
595 2440 645 2503 5,
682 2441 762 2491 11.

313 2507 363 2559 2.
384 2506 692 2572 Hunepost.
735 2505 886 2557 Diese
898 2504 1136 2570 Stellung
1165 2520 1267 2556 von

239 2579 365 2640 post
397 2573 561 2625 findet
594 2574 705 2626 sich
750 2589 845 2625 nur
891 2573 1025 2633 hier;
1074 2572 1269 2637 ‚iedoch

248 2642 454 2693 werden
491 2641 588 2693 den
629 2641 777 2693 Pron.
803 2643 891 2692 hie
924 2657 974 2694 ιι.
1011 2643 1105 2706 qui
1138 2641 1270 2693 auch

246 2709 435 2762 andere
460 2708 612 2775 Prfip.
649 2710 1009 2775 nachgestellt,
1048 2710 1148 2761 wie
1184 2707 1270 2762 IV.

251 2782 339 2844 17,
378 2780 444 2831 38
484 2778 659 2843 ultra,
712 2778 775 2829 de
821 2793 894 2832 or.
941 2777 977 2830 I.
1015 2779 1107 2842 48,
1145 2780 1274 2831 209:

244 2862 349 2912 quo
374 2847 441 2897 de
465 2851 653 2911 agitur
688 2863 737 2898 u.
764 2845 847 2898 die
873 2862 937 2898 zu
963 2845 996 2913 ξ
1026 2848 1106 2910 15,
1130 2846 1184 2899 Ζ.
1211 2849 1272 2899 15

246 2916 448 2966 citierte
486 2913 650 2966 Stelle
686 2913 750 2965 de
785 2914 885 2981 leg.

314 2986 363 3037 3.
430 2982 817 3049 Hieronymus,
882 2982 1275 3050 Peripatetiker,

246 3066 333 3103 um
360 3053 461 3103 300
487 3066 536 3103 V.
557 3051 673 3102 Chr.
732 3049 847 3116 Vgl.
867 3050 1058 3115 ,iedoch
1098 3051 1160 3102 de
1185 3049 1276 3104 fin.

250 3118 309 3172 V.
347 3121 410 3184 5,
452 3121 539 3172 14:
589 3119 975 3186 Hieronymum
1022 3123 1135 3170 iam
1180 3135 1278 3170 eur

247 3188 669 3253 Peripateticum
726 3187 1017 3253 appellem,
1069 3190 1278 3240 neseio.-

246 3270 512 3306 summum
535 3258 675 3306 em'm
696 3258 890 3321 bonjum
915 3259 1167 3321 eoeposuit
1188 3272 1278 3306 va·

249 3326 506 3375 euitatem
524 3325 743 3376 doloris.
781 3322 919 3375 Uber
939 3323 1021 3375 die
1043 3323 1279 3389 Stellung

249 3407 298 3442 v.
335 3390 578 3443 Rhodius
613 3392 718 3458 vgl.
753 3407 798 3445 ι.
822 3390 860 3446 1.
884 3394 969 3457 24,
993 3394 1081 3445 59:
1122 3392 1280 3458 Scep-

249 3462 363 3510 sius
396 3460 754 3512 Metrodorus.

321 3531 370 3580 4.
394 3528 546 3580 Zeno
588 3543 681 3580 aus
700 3527 909 3579 Gittium
955 3527 1045 3579 auf
1061 3527 1280 3595 Cypern‚

254 3594 343 3647 der
390 3595 571 3648 Stifter
623 3595 713 3647 der
759 3595 1020 3647 stoischen
1074 3594 1281 3660 Schule,

255 3664 436 3716 blfihte
459 3679 545 3715 um
573 3667 671 3717 300
697 3679 747 3716 v,
767 3663 881 3717 Chr.
931 3663 1036 3715 Ihm
1064 3663 1172 3729 galt
1197 3663 1281 3714 die

254 3729 469 3798 'rugend
519 3732 596 3784 als
641 3732 732 3784 das
777 3732 977 3798 einzige
1014 3731 1140 3797 Gut,
1189 3730 1281 3782 das

255 3799 430 3852 Laster
465 3800 542 3853 als
589 3799 681 3852 das
718 3800 916 3864 einzige
950 3786 1108 3862 Uhe1;
1153 3799 1281 3852 alles

256 3868 445 3921 andere
482 3868 559 3921 sei
594 3864 920 3937 ἀδιάφορον.

1369 2165 1460 2216 der
1486 2165 1677 2217 alteren
1704 2164 1994 2232 Skeptiker.
2034 2165 2186 2217 Seine
2208 2163 2344 2215 Schu
2368 2178 2396 2214 e

1370 2232 1572 2284 erlosch
1622 2232 1773 2297 bald,
1817 2234 1895 2285 ihr
1930 2233 2073 2285 Geist
2115 2233 2239 2284 aber
2272 2231 2398 2298 ging

1371 2301 1464 2352 auf
1494 2299 1579 2353 die
1616 2302 1852 2368 spateren
1875 2300 2218 2353 Akademiker
2254 2302 2396 2351 uber.

1441 2370 1489 2421 6.
1516 2369 1779 2434 quaedam
1812 2363 1953 2420 ‘eine
1976 2370 2069 2421 Art
2092 2361 2214 2420 von'
2256 2368 2399 2418 dient

1373 2452 1469 2488 nur
1522 2452 1613 2487 zur
1668 2436 2111 2502 Entschuldigung
2163 2435 2254 2487 der
2296 2436 2398 2485 An-

1374 2504 1632 2570 wendung
1690 2503 1781 2556 des
1840 2504 2048 2570 Adjekt.
2103 2518 2399 2569 generosus

1363 2562 1523 2625 ‘edel’
1561 2572 1654 2624 aus
1684 2572 1776 2624 das
1809 2573 2035 2625 sittliche
2059 2571 2268 2632 Gebiet3
2304 2587 2400 2621 na-

1375 2647 1519 2704 tura,
1556 2640 1674 2693 dein
1711 2640 2024 2693 natfirliches
2059 2639 2263 2693 Geffihl.

1445 2729 1491 2777 7.
1527 2728 1735 2792 respuit
1769 2725 1940 2790 (naml.
1982 2729 2042 2777 in
2069 2730 2134 2792 te)
2170 2725 2258 2776 hat
2300 2723 2399 2776 den

1376 2793 1527 2928 ‘Soipgnt-
1550 2809 1654 2846 von
1705 2797 2000 2861 recusavit,
2057 2794 2286 2847 weshalb
2334 2809 2402 2843 ne

1447 2950 1495 3000 8.
1532 2951 1880 3014 oppositoque
1903 2949 2174 3010 dedecore,
2209 2961 2251 2998 s.
2270 2947 2307 2999 1.
2320 2948 2402 3015 29,

1379 3019 1443 3070 71
1483 3031 1546 3067 zu
1583 3017 1953 3082 adhibuitque3
1991 3031 2047 3068 es
2071 3017 2139 3067 ist
2163 3016 2286 3068 aber
2310 3030 2402 3067 aus

1379 3084 1495 3163 dem
1533 3084 1984 3149 vorhergehenden
2021 3101 2088 3135 ne
2121 3084 2203 3135 ein
2242 3088 2305 3134 ut
2338 3099 2402 3134 zu

1380 3165 1650 3217 erganzen.

1447 3224 1508 3269 in
1526 3234 1587 3269 eo
1611 3220 1792 3270 nimmt
1810 3219 1901 3271 das
1919 3221 1982 3271 id
2010 3217 2404 3274 anakoluthisch

1382 3288 1575 3339 wieder
1612 3287 1715 3342 auf.

1454 3373 1533 3424 12.
1567 3373 1885 3438 pertulerit,
1922 3388 1962 3424 s.
2012 3388 2062 3424 ι.
2105 3371 2139 3423 1.
2183 3374 2273 3434 13,
2310 3373 2401 3423 30:

1379 3440 1687 3504 sustuleris,
1738 3440 1837 3492 und
1877 3456 1941 3491 zu
1977 3439 2067 3492 der
2101 3436 2406 3504 Bedeutung

1383 3524 1485 3560 von
1475 3509 1805 3627 tgeereverit
1834 3508 1939 3575 vgl.
1967 3507 2099 3560 oben
2128 3510 2282 3572 4,11:
2318 3508 2405 3558 de-

1385 3592 1473 3628 cre
1546 3614 1560 3629 .

1440 3664 1519 3716 16.
1534 3665 1748 3713 omnino
1773 3676 1925 3711 nemo
1942 3651 1959 3675 ‘
1970 3658 2408 3723 schlechterdings

1384 3721 1657 3795 niemand',
1682 3729 1817 3780 ohne
1836 3726 2172 3780 Unterschied
2199 3727 2288 3778 der
2311 3724 2408 3776 Be-

1384 3797 1617 3861 deutung
1652 3811 1754 3848 von
1790 3811 1943 3846 nemo
1981 3797 2210 3846 omnino.

1460 3869 1540 3917 17.
1574 3864 1930 3928 Metrodorus,
1965 3878 2006 3914 s.
2034 3863 2166 3915 oben
2202 3876 2266 3911 ιιι
2292 3862 2341 3924 3,
2358 3860 2406 3911 8.

2433 798 2491 848 16

2432 1734 2487 1784 17
