2834 4317
966 168 1156 223 mmm
1188 168 1273 226 lv.
1312 145 1496 235 17,‘39.
1516 171 1601 222 40.

215 343 551 407 concitatus
598 350 658 404 et
699 342 1029 405 abstractus
1074 342 1149 404 ab
1192 343 1425 422 integra
1469 350 1749 423 certaque
1794 344 2027 409 ratione
2070 365 2192 409 non
2237 367 2387 410 con-

2291 172 2370 232 77

212 428 499 493 stantiam
529 428 721 491 solum
754 427 990 501 amittit,
1018 446 1226 490 verum
1257 429 1432 489 etiam
1463 428 1791 490 sanitatem.

391 513 688 585 Quocirca
729 513 928 574 mollis
978 522 1038 573 et
1078 522 1355 574 enervata
1407 514 1668 593 putanda
1720 522 1810 575 est
1852 516 2383 596 Peripateticorum

217 598 371 661 ratio
405 607 466 660 et
497 598 720 672 oratio,
767 598 868 677 qui
897 597 1234 678 perturbari
1273 599 1505 661 animos
1548 617 1791 660 necesse
1835 600 2043 662 dicunt
2072 620 2235 675 esse,
2279 601 2384 665 sed

133 694 169 746 5
213 684 502 746 adhibent
534 678 780 745 modum
824 682 1150 762 quendam,
1192 702 1371 764 quem
1398 684 1554 746 ultra
1596 685 1878 764 progredi
1924 706 2045 748 non
2093 695 2380 767 oporteat.

220 770 467 833 Modum
499 777 563 831 tu
597 767 842 830 adhibes
880 766 1066 829 vitio?
1125 788 1200 830 an
1228 770 1437 831 vitium
1482 769 1716 832 nullum
1757 779 1848 832 est
1879 790 2001 832 non
2048 790 2261 851 parere
2291 790 2385 832 ra-

219 854 374 917 tioni
392 852 423 914 Ἰ
487 872 563 914 an
596 853 749 914 ratio
780 870 989 934 parum
1019 854 1307 935 praecipit
1338 873 1452 915 nec
1482 852 1708 915 bonum
1738 855 1882 916 illud
1914 874 2062 931 esse,
2094 857 2253 936 quod
2285 865 2386 918 aut

220 939 428 1020 cupias
474 939 758 1000 ardenter
807 946 910 999 aut
960 939 1209 1020 adeptus
1260 940 1471 1001 efferas
1516 947 1577 999 te
1619 940 1981 1016 insolenter,
2038 959 2151 1002 nec
2200 960 2385 1022 porro

222 1025 444 1087 malum
463 1070 479 1101 ,
522 1042 644 1102 quo
668 1033 769 1084 aut
799 1041 1121 1104 oppressus
1149 1025 1339 1086 iaceas
1367 1032 1503 1098 aut,
1542 1042 1619 1085 ne
1650 1027 1985 1105 opprimare
2003 1073 2017 1099 ,
2060 1035 2264 1088 mente
2292 1027 2385 1088 vix

108 1116 176 1169 10
221 1106 507 1172 constes?
569 1127 757 1188 eaque
787 1108 985 1170 omnia
1030 1117 1131 1170 aut
1173 1109 1350 1171 nimis
1393 1109 1584 1170 tristia
1627 1117 1729 1171 aut
1773 1110 1949 1173 nimis
1987 1110 2139 1172 laeta
2182 1129 2387 1173 errore

2427 780 2492 831 39

220 1194 388 1269 fieri,
456 1193 557 1274 qui
608 1212 780 1255 error
825 1193 1019 1256 stultis
1074 1202 1431 1256 extenuetur
1479 1193 1605 1271 die,
1671 1202 1770 1267 ut,
1836 1214 1974 1257 cum
2034 1215 2131 1257 res
2182 1197 2385 1257 eadem
2486 1238 2492 1244 -

222 1287 492 1354 maneat,
543 1278 714 1341 aliter
755 1279 953 1339 ferant
1000 1278 1354 1355 inveterata,
1407 1280 1579 1340 aliter
1628 1280 1925 1353 recentia,
1977 1280 2263 1360 sapientis
2309 1298 2387 1342 ne

224 1364 478 1443 attingat
526 1363 765 1443 quidem
807 1363 1100 1426 omnino?
1158 1365 1394 1426 Etenim
1426 1365 1559 1444 quis
1590 1365 1702 1426 erit
1727 1366 1966 1426 tandem
1996 1366 2206 1427 modus
2235 1362 2387 1426 iste?

226 1467 581 1530 quaeramus
610 1449 772 1510 enim
816 1449 1056 1512 modum
1104 1449 1521 1529 aegritudinis,
1566 1449 1625 1511 in
1661 1467 1776 1529 qua
1805 1468 2021 1530 operae
2062 1449 2388 1530 plurimum

6 1544 7 1559 ³
111 1546 181 1599 15
229 1533 493 1616 ponitur.
565 1535 757 1614 Aegre
786 1534 990 1597 tulisse
1021 1535 1087 1596 P.
1116 1535 1423 1616 Rupilium
1465 1535 1661 1596 fratris
1702 1535 2003 1616 repulsam
2042 1535 2389 1596 consulatus

224 1620 515 1699 scriptum
561 1621 717 1699 apud
750 1618 1044 1682 Fannium
1084 1628 1190 1682 est.
1261 1620 1377 1681 Sed
1418 1628 1619 1681 tamen
1658 1620 1945 1682 transisse
1986 1619 2218 1681 videtur
2256 1638 2389 1681 mo·
2449 1630 2466 1641 ⁸

227 1707 408 1781 dum,
455 1705 676 1789 quippe
708 1704 810 1783 qui
855 1704 932 1766 ob
977 1724 1108 1766 eam
1153 1722 1386 1767 causam
1434 1724 1466 1766 a
1494 1705 1610 1766 vita
1639 1705 1985 1780 recesserit3
2029 1704 2390 1766 moderatius

229 1790 418 1870 igitur
445 1790 605 1850 ferre
638 1789 859 1851 debuit.
946 1790 1098 1861 Quid
1117 1836 1133 1865 ,
1177 1791 1245 1866 si,
1278 1808 1415 1852 cum
1443 1790 1500 1851 id
1530 1791 1716 1852 ferret
1741 1790 2006 1864 modice,
2049 1808 2212 1852 mors
2237 1789 2389 1851 libe-

226 1893 435 1936 rorum
464 1873 901 1936 accessissent?
959 1876 1106 1937 Nata
1137 1884 1292 1938 esset
1320 1874 1628 1955 aegritudo
1659 1894 1850 1950 nova,
1885 1876 1990 1937 sed
2019 1893 2085 1936 ea
2130 1874 2388 1947 modica;

104 1973 180 2026 20
223 1978 440 2039 magna
489 1968 689 2021 tamen
742 1961 895 2021 facta
958 1969 1113 2022 esset
1163 1960 1444 2022 accessio.

304 2081 350 2131 1.
396 2079 461 2128 ab
509 2080 728 2142 integra
762 2082 1013 2145 certaque
1048 2083 1261 2130 ratione

219 2138 351 2198 ‘von
404 2144 495 2197 der
554 2144 817 2210 gesunden
875 2145 979 2198 und
1039 2148 1092 2197 in
1149 2145 1261 2198 sich

227 2214 433 2266 sichern
481 2210 783 2280 Thatigkeit
829 2211 919 2266 der
961 2207 1260 2278 Vernunft',

227 2281 370 2333 also:
405 2296 510 2333 von
545 2280 638 2333 der
669 2280 1066 2336 Besonnenheit.

283 2352 334 2402 3.
346 2348 523 2400 mollit
533 2351 1079 2415 —Peripateticorum
1095 2351 1261 2405 ratio.

231 2416 335 2469 Zur
370 2415 536 2468 Sache
572 2417 677 2482 vgl.
713 2416 787 2470 111.
829 2419 910 2481 10,
935 2419 1017 2470 22.

301 2487 351 2541 ,4.
376 2487 520 2536 ratio
544 2489 600 2535 et
623 2488 819 2549 oratio,
846 2485 960 2537 eine
986 2485 1068 2538 bei
1089 2486 1264 2537 Cicero

230 2552 354 2606 sehr
397 2550 604 2619 hfiuflge
641 2552 998 2619 Verbindung,
1044 2553 1127 2605 die
1161 2553 1267 2605 ihm

231 2619 468 2672 offenbar
501 2621 633 2672 auch
670 2635 856 2686 wegen
901 2620 992 2673 des
1025 2616 1265 2688 ὁμοιοτέ-

231 2685 430 2740 zemma
453 2686 625 2754 geflel‚
660 2690 760 2741 wie
778 2692 969 2753 gravis
994 2694 1049 2740 et
1066 2692 1264 2741 mavis.

231 2755 356 2821 Vgl.
393 2758 475 2819 28,
500 2757 583 2807 60.

310 2826 358 2874 5.
395 2839 549 2889 quem
582 2825 755 2889 ultra,
791 2824 1130 2890 Anastrophe,
1165 2825 1267 2876 wie

233 2890 295 2944 11.
334 2893 382 2955 6,
421 2893 484 2943 15
521 2893 664 2942 hunc
703 2897 839 2958 post.
911 2892 1089 2954 (Ultra
1125 2896 1272 2943 sonet

234 2972 338 3011 nur
374 2959 459 3010 bei
493 2957 732 3011 Dichtern
778 2957 883 3012 und
932 2960 1015 3011 bei
1051 2958 1174 3011 Tac.
1210 2974 1269 3011 so

234 3026 561 3095 gebracht.)

322 3097 372 3147 9.
418 3110 485 3144 ne
537 3098 843 3161 opprimare
892 3094 962 3145 ist
1014 3094 1272 3162 abhfingig

240 3176 349 3242 vpn
371 3166 544 3212 mente
566 3165 664 3213 vix
689 3167 892 3215 constes
915 3162 1036 3244 (Just
1069 3162 1151 3214 die
1175 3161 1273 3215 Be-

234 3229 1274 3365 ῗέἐίῧὲἱιέἓῗέθὲἒᾎ.Ἔῖῗὶυῗίἷιθὲἒέ

239 3365 421 3419 hulten
453 3366 539 3417 ist.

319 3434 399 3512 11.
424 3434 525 3498 die,
547 3431 649 3485 wie
671 3432 845 3498 111.16,
865 3436 958 3494 35;
995 3449 1117 3485 eum
1143 3433 1274 3486 kon-

238 3515 433 3554 zessw.

321 3570 399 3620 12.
435 3566 511 3620 Zu
546 3571 804 3634 sapientis
835 3608 849 3623 .
876 3609 889 3622 .
926 3572 1141 3621 omnino
1176 3584 1272 3635 ge-

238 3636 366 3687 hort
399 3636 533 3687 noch
583 3641 678 3702 qui
721 3653 877 3688 error
912 3637 989 3689 als
1024 3635 1270 3702 Subjekt3

233 3706 492 3768 attingat
524 3703 646 3767 (wie
667 3703 744 3756 111.
780 3707 862 3769 25,
899 3707 986 3770 61)
1018 3705 1089 3756 ist
1123 3704 1275 3757 koor-

234 3770 437 3823 diniert
454 3769 558 3823 und
577 3772 717 3824 steht
735 3772 807 3822 im
825 3772 1274 3839 gegensiitzlichen

242 3837 544 3891 Verhiiltnis
580 3855 645 3892 zu
680 3844 1013 3893 extenuetur.

1541 1960 1727 2036 Quid,
1781 1962 1832 2023 si
1881 1960 2097 2022 deinde
2148 1961 2390 2022 dolores

1434 2079 1514 2131 13.
1548 2078 1765 2129 Etenim
1800 2078 1902 2130 wie
1925 2077 2003 2130 111.
2029 2081 2078 2143 9,
2105 2081 2188 2131 20.

1434 2148 1515 2200 14.
1550 2148 1610 2197 in
1647 2161 1753 2211 qua
1789 2146 1919 2212 (scil.
1952 2145 2234 2211 pellenda).

1435 2217 1516 2268 15.
1539 2217 1783 2279 ponitur,
1823 2213 1977 2265 nfiml.
2001 2228 2105 2266 von
2129 2213 2229 2265 den
2254 2211 2393 2265 Peri-

1363 2280 1671 2349 patetikern.
1729 2280 1847 2347 vgl.
1883 2280 1959 2333 111.
2000 2283 2081 2344 13,
2106 2284 2188 2333 27.

1432 2350 1489 2402 P.
1525 2348 1610 2399 Ru
1647 2349 1776 2399 ilius
1807 2348 2012 2413 Lupus,
2056 2350 2155 2401 132
2190 2364 2241 2401 ν.
2277 2347 2392 2400 Chr.

1364 2415 1571 2468 Consul.
1636 2416 1732 2469 ael.
1766 2418 1849 2482 20,
1872 2418 1963 2469 73:
2000 2415 2184 2482 Scipio
2207 2418 2262 2468 Ρ.
2287 2415 2395 2466 Ru-

1365 2484 1562 2550 pilium
1612 2487 1795 2550 potuit
1847 2483 2113 2535 consulem
2164 2482 2395 2547 efficere,

1367 2549 1600 2613 fratrem
1637 2554 1753 2602 eius
1784 2551 2013 2602 Lucium
2047 2568 2157 2602 non
2196 2555 2395 2617 potuit.

1367 2619 1502 2670 Ptin.
1538 2617 1597 2670 Η.
1631 2620 1693 2673 Ν.
1731 2618 1837 2670 Vll.
1874 2622 1967 2673 36:
2016 2621 2091 2684 (P.
2125 2619 2396 2685 Rupilius)

1367 2690 1554 2739 morbo
1611 2688 1716 2738 levi
1769 2688 2085 2753 impeditus,
2140 2690 2397 2739 nuntiata

1368 2754 1569 2816 fratris
1601 2757 1817 2821 repulsa
1850 2758 1910 2805 in
1953 2755 2265 2807 consulatus
2300 2772 2396 2821 pe-

1371 2825 1607 2889 titione,'
1643 2826 1771 2875 ilico
1825 2827 2140 2890 exspiravit.
2221 2822 2399 2875 Dieser

1372 2889 1585 2956 Bruder‚
1615 2891 1816 2956 Lucius,
1851 2907 1959 2944 war
1987 2894 2083 2944 146
2109 2889 2288 2943 Prator
2311 2906 2400 2958 ge-

1373 2973 1567 3014 wesen.
1613 2987 1680 2997 —
1723 2958 1816 3011 Die
1868 2957 2185 3026 dialogische
2229 2959 2400 3023 Form,

1372 3028 1425 3078 in
1462 3026 1553 3078 der
1583 3027 1694 3079 hier
1718 3026 1893 3079 Cicero
1919 3028 2002 3079 die
2027 3026 2400 3093 Peripatetiker

1372 3093 1656 3162 bekfimpst,
1691 3095 1760 3147 ist
1794 3094 1953 3148 leicht
1988 3112 2051 3148 zu
2089 3095 2364 3148 erkennen.

1441 3160 1638 3222 fratris
1661 3164 1930 3228 repuLsam
1947 3163 2201 3228 (Niederla
2243 3179 2271 3216 e
2296 3162 2399 3226 bei)

1374 3229 1701 3294 consulatus,
1740 3231 1839 3283 wie
1862 3230 1918 3283 11.
1944 3234 2038 3296 15„
2061 3234 2151 3283 35:
2216 3233 2400 3281 unctio

1372 3314 1533 3419 *1⁰53
1537 3314 1631 3417 Ἥ
1649 3313 2159 3428 ἷαὶἱῖἓίἭὲἴὲἷ
2159 3315 2403 3443 '‘323111-1101

1377 3432 1469 3486 des
1505 3432 1741 3485 Stoikers
1776 3432 2044 3497 Penatium,
2083 3432 2401 3496 Schwieger-

1376 3500 1508 3553 sohn
1544 3501 1637 3554 des
1661 3502 1715 3557 G.
1735 3502 1905 3554 Galius
1930 3500 2163 3567 Sapiens,
2199 3499 2401 3550 schrieb

1376 3568 1620 3623 AnnaleS.
1688 3568 1807 3636 Vgl.
1850 3569 1991 3620 Brut.
2034 3569 2117 3633 26,
2158 3570 2249 3620 101
2298 3564 2403 3619 und

1377 3639 1461 3700 21,
1487 3639 1570 3691 81.

1449 3707 1529 3757 19.
1563 3704 1679 3755 sed:
1716 3703 1839 3754 aber
1873 3703 2053 3755 immer
2087 3703 2236 3757 noch.

1456 3774 1539 3824 20.
1599 3786 1800 3836 magna
1858 3764 2087 3824 ‘schwer
2147 3770 2404 3838 wiegend,

1377 3832 1681 3891 drfickend'.
