2834 4317
124 1123 175 1173 10

124 1549 177 1598 15

911 171 1100 225 LIBER
1133 172 1190 225 Π.
1233 175 1311 237 13,
1350 175 1431 227 31.
1469 176 1550 227 32.
1592 177 1671 226 14.

2246 174 2364 230 127

590 303 596 328 l

214 346 645 427 amplectimur,
673 367 680 374 2
692 353 758 405 ut
804 344 1003 405 omnia
1033 352 1361 425 praeterea,
1409 363 1560 424 quae
1600 344 1759 406 bona
1788 346 2060 426 corporis
2091 355 2149 408 et
2177 349 2368 408 fortu-

219 450 330 493 nae
359 439 665 511 putantur,
710 430 1028 510 perexigua
1060 439 1119 491 et
1147 429 1377 491 minuta
1407 430 1735 506 videantur,
1769 450 1879 493 nec
1911 432 2130 493 malum
2160 433 2371 505 ullum,

218 536 293 578 ne
323 517 375 579 si
404 517 466 578 in
500 533 687 577 unum
720 515 957 594 quidem
998 516 1196 576 locum
1241 516 1474 576 conlata
1513 516 1710 577 omnia
1748 516 1885 591 sint,
1932 536 2068 579 cum
2109 517 2369 598 turpitu-

217 602 371 664 dinis
402 601 558 662 malo
590 599 1005 679 comparanda.
1068 600 1234 672 Quae
1262 619 1328 661 re
1357 601 1426 676 si,
1467 609 1535 662 ut
1563 600 1735 662 initio
1767 603 2135 677 concessisti,
2179 603 2372 683 turpi·
2417 613 2475 662 31

219 688 362 748 tudo
409 687 580 767 peius
624 693 714 747 est
758 705 935 765 quam
981 685 1167 761 dolor,
1215 686 1364 747 nihil
1408 697 1500 747 est
1542 687 1719 766 plane
1764 686 1951 747 dolor.
2038 687 2185 749 Nam
2230 687 2370 749 dum

217 771 325 833 tibi
353 780 530 852 turpe
561 790 674 832 nec
706 771 954 851 dignum
983 772 1109 833 viro
1139 771 1433 832 videbitur

1601 791 1721 847 ere,
1755 772 1994 848 eiulare,
2038 773 2191 834 lame
2237 774 2350 834 tari

218 858 431 938 frangi,
463 856 756 918 debilitari
787 857 1010 932 dolore,
1043 858 1181 917 dum
1212 832 1514 930 hffffdstas,
1588 875 1685 919 um
1716 857 1990 937 dignitas,
2020 858 2159 920 dum
2186 793 2483 921 deff?

218 944 424 1017 aderit,
469 951 652 1021 tuque
682 943 743 1003 in
778 961 846 1003 ea
875 943 1115 1005 intuens
1154 950 1215 1003 te
1258 941 1616 1017 continehiS‚
1662 944 1831 1004 cedet
1871 944 2142 1023 profecto
2173 944 2372 1005 virtuti

219 1028 388 1089 dolor
419 1036 480 1089 et
507 1027 688 1087 animi
720 1010 1066 1090 inductione
1094 1028 1457 1108 languescet.
1517 1028 1636 1089 Aut
1677 1028 1835 1090 enim
1880 1028 2041 1089 nulla
2072 1029 2256 1090 virtus
2285 1039 2375 1091 est

220 1122 321 1174 aut
351 1112 830 1175 contemnendus
860 1114 1055 1175 omnis
1086 1114 1274 1175 dolor.
1328 1113 1795 1176 Prudentiamne
1817 1114 1902 1174 vis
1924 1132 2074 1188 esse,
2105 1114 2235 1176 sine
2259 1133 2375 1193 qua

219 1218 297 1260 ne
327 1197 593 1276 intellegi
625 1197 859 1278 quidem
890 1199 1011 1259 ulla
1039 1199 1224 1260 virtus
1253 1196 1496 1277 potest?
1540 1198 1696 1270 Quid
1729 1196 1910 1277 ergo?
1941 1217 2010 1260 ea
2039 1199 2375 1279 patieturne

218 1292 279 1345 te
309 1283 630 1363 quicquam
670 1284 867 1344 facere
899 1284 1047 1345 nihil
1075 1284 1489 1364 proficientem
1531 1294 1590 1344 et
1617 1284 1834 1344 frustra
1864 1284 2251 1357 laborantem,
2296 1302 2371 1344 an

218 1370 608 1448 temperantia
634 1370 792 1430 sinet
819 1377 877 1429 te
909 1369 1291 1430 immoderate
1323 1368 1519 1429 facere
1542 1369 1880 1447 quicquam,
1912 1387 1986 1430 an
2013 1369 2128 1429 coli
2157 1369 2376 1431 iustitia

221 1455 444 1535 poterit
486 1453 560 1515 ab
606 1453 848 1515 homine
892 1463 1142 1534 propter
1196 1454 1313 1514 vim
1357 1453 1580 1515 doloris
1637 1453 1987 1515 enuntiante
2044 1455 2375 1528 commissa,

219 1539 515 1622 prodente
547 1540 836 1615 conscios,
881 1540 1065 1600 multa
1097 1539 1290 1601 officia
1330 1536 1753 1618 relinquente?
1813 1536 2013 1611 Quid?
2042 1540 2377 1601 fortitudini
2421 1549 2478 1599 32

220 1623 658 1704 comitibusque
683 1624 828 1699 eius,
850 1624 1247 1705 magnitudini
1266 1624 1466 1698 animi,
1498 1623 1783 1702 gravitati,
1807 1625 2143 1704 patientiae,
2175 1644 2377 1687 rerum
2442 1660 2447 1665 ·

218 1711 614 1772 humanarum
642 1710 1065 1790 despicientiae
1096 1729 1213 1789 quo
1248 1710 1424 1770 modo
1455 1707 1892 1789 respondebis?
1938 1710 2285 1772 adflictusne
2318 1720 2380 1771 et

220 1796 424 1857 iacens
453 1805 514 1857 et
541 1794 901 1856 lamentabili
932 1815 1077 1857 voce
1108 1796 1429 1876 deplorans
1459 1794 1693 1857 audies:
1719 1788 1804 1857 ‘0
1832 1799 2027 1857 virum
2057 1794 2378 1875 forteml'?

222 1881 309 1942 Te
339 1899 479 1942 vero
511 1881 587 1941 ita
622 1881 917 1941 adfectum
947 1901 1024 1942 ne
1061 1881 1252 1941 virum
1285 1881 1522 1960 quidem
1557 1881 1868 1959 quisquam
1899 1881 2131 1941 dixerit.
2191 1881 2379 1941 Amit-

221 1968 401 2028 tenda
431 1966 615 2045 igitur
643 1966 926 2027 fortitudo
960 1977 1047 2027 est
1076 1975 1179 2027 aut
1206 1966 1584 2047 sepeliendus
1614 1966 1802 2026 dolor.
2323 1997 2327 2001 ·

395 2050 625 2130 Ecquid
656 2051 771 2112 scis
800 2052 1000 2131 igitur,
1030 2052 1079 2112 si
1110 2051 1250 2131 quid
1282 2051 1355 2112 de
1387 2051 1707 2113 Corinthiis
1736 2051 1855 2112 tuis
1883 2050 2170 2124 amiseriS,
2201 2070 2374 2131 posse
2410 2063 2484 2117 14

223 2151 490 2217 lichguten
535 2150 620 2203 od.
656 2149 1072 2216 Tugendhaften3
1119 2151 1246 2202 auch

226 2225 434 2271 rectum
467 2219 536 2271 ist
581 2244 651 2265 =
698 2221 894 2269 bonum
927 2218 1012 2270 od.
1047 2218 1250 2285 pflicbt-

229 2287 434 2354 massig.

300 2358 346 2410 1.
417 2355 789 2421 amplectimur
844 2380 908 2400 ==
976 2354 1252 2405 versteben

227 2428 377 2476 unter
413 2452 505 2487 ——-,
550 2423 775 2475 insoferu
813 2423 903 2476 der
937 2418 1137 2487 Begriff
1165 2421 1255 2473 der

229 2491 395 2544 Sache
442 2507 544 2543 von
592 2490 705 2543 dem
743 2490 938 2544 Namen
984 2489 1254 2556 gewisser-

227 2558 427 2612 massen
461 2559 818 2611 umschlossen
856 2558 1002 2612 wird-

300 2630 349 2683 3.
395 2628 611 2679 conlata
658 2631 868 2693 omnia,
917 2627 965 2679 d.
1002 2626 1052 2677 b.
1104 2641 1253 2677 wenn

231 2696 332 2748 alle
376 2682 510 2748 I'Jbel
553 2711 618 2746 zu
654 2696 820 2748 einem
866 2696 1098 2760 einzigen
1144 2709 1256 2745 ver-

231 2764 395 2831 einigt
431 2764 655 2819 werden.
725 2765 803 2816 An
841 2764 1016 2816 diesen
1055 2761 1258 2814 Neben-

231 2836 343 2884 satz
381 2833 470 2884 bat
499 2832 609 2884 sich
646 2831 737 2883 das
762 2831 1007 2884 Prfidikat
1043 2846 1257 2896 compa-

230 2900 410 2952 randa
445 2902 589 2964 (statt
620 2901 1061 2967 comparandum)
1102 2914 1257 2964 ange·

232 2969 518 3021 schlossen.

302 3053 423 3088 cum
460 3037 815 3102 turpitudinis
849 3037 1007 3098 malo,
1042 3050 1086 3087 Β.
1107 3034 1145 3087 1.
1176 3037 1259 3100 15,

236 3108 302 3158 34
347 3121 407 3156 zu
454 3105 745 3155 mercedem
788 3106 1029 3169 gloriae;
1085 3106 1259 3168 turpi-

236 3174 365 3224 tudo
388 3173 459 3224 ist
484 3172 574 3224 das
594 3171 864 3238 Gegenteil
886 3188 989 3224 von
1015 3174 1261 3223 honestas

234 3242 286 3293 in
325 3240 794 3308 philosophischem
832 3239 1007 3292 Sinne.

306 3314 354 3363 5.
421 3311 602 3375 peius,
678 3308 1105 3361 substantiviscb:
1176 3308 1260 3359 ein

239 3377 493 3444 grosseres
527 3366 677 3431 Ubel.

308 3450 358 3499 7.
410 3447 660 3497 honestas
697 3451 826 3509 cet.,
870 3460 913 3498 s.
948 3460 1012 3496 zu
1048 3446 1132 3510 20,
1167 3446 1259 3496 46:

232 3514 437 3579 gloria.

307 3584 356 3635 8.
382 3582 574 3644 aderit,
601 3581 881 3647 gleichsam
905 3580 981 3632 als
1001 3577 1260 3632 Beistand.

308 3654 355 3705 9.
392 3652 565 3701 animi
596 3650 924 3711 inductione,
961 3664 1021 3700 an
1061 3648 1260 3700 deinem

237 3717 449 3784 (testen)
486 3717 752 3782 Vorsatze,
787 3718 836 3772 d.
854 3719 888 3771 i.
926 3717 1157 3783 Euergie.

312 3790 391 3840 10.
420 3785 837 3838 prudentiamne
870 3791 966 3837 cet.
1025 3785 1261 3836 Pruden-

238 3857 337 3920 tia,
357 3858 731 3922 temperantia,
749 3858 975 3917 iustitia,
994 3852 1261 3914 fortitudo

1355 2150 1485 2201 sind·
1496 2150 1580 2203 die
1603 2150 1713 2202 vier
1739 2156 2091 2216 sogenannten
2116 2148 2383 2202 Kardinal-

1356 2218 1634 2284 tugenden.
1687 2217 1804 2283 Vgl.
1841 2217 1904 2269 de
1941 2216 2027 2269 ofl'.
2064 2218 2099 2274 l.
2137 2220 2187 2270 5.
2254 2219 2380 2270 Zum

1354 2285 1633 2407 nganken
1669 2287 1775 2353 vgl.
1797 2288 1880 2350 25,
1902 2289 1966 2340 57
1982 2284 2059 2348 ff.;
2086 2285 2164 2338 111.
2185 2288 2267 2349 28,
2289 2289 2380 2347 66;

1425 2392 1509 2475 ⁹11.
1541 2420 1687 2486 Quid
1707 2423 1888 2486 ergo?,
1926 2422 2018 2472 mit
2043 2420 2269 2486 gleicher
2287 2421 2384 2473 Be-

1357 2490 1585 2555 deutung
1610 2489 1708 2540 wie
1732 2488 1767 2540 l.
1794 2490 1985 2553 25,61:
2007 2489 2153 2552 Quid
2170 2492 2384 2555 igitur?

1435 2561 1515 2611 17.
1551 2557 1892 2624 respondebis
1932 2556 2078 2635 ibren
2101 2557 2384 2638 Fprderun-

1360 2625 1852 2760 ἔῗωίῗιῗὲἱῖοῗιῖὲ
1867 2631 2385 2760 ’τ.ῗιέἶὶ..ῗ”ἑ.ιέἳὲἰῗ

1358 2767 1739 2814 verantworten
1765 2761 2008 2814 konnen?
2050 2760 2385 2829 Respondere

1358 2830 1429 2883 ist
1463 2830 1695 2896 gerichtl.
1733 2829 1903 2884 Term.
1943 2830 2111 2883 techn.
2280 2843 2285 2848 ’

1434 2902 1510 2952 18.
1544 2902 1741 2965 iacens,
1766 2900 1866 2950 wie
1893 2897 1977 2951 IV.
1996 2901 2075 2965 16,
2090 2901 2180 2953 35:
2207 2903 2385 2965 aegri-

1360 2969 1549 3050 tudine
1583 2970 1704 3033 quis
1737 2969 2015 3033 adflictus,
2061 2968 2387 3035 debilitatus,

1358 3052 1556 3087 iacens.

1434 3105 1513 3159 19.
1559 3103 1894 3166 Amittenda,
1938 3118 2057 3155 man
2101 3106 2238 3156 muts
2273 3104 2385 3156 sich

1361 3171 1479 3223 dem
1515 3178 1804 3236 aussetzen‚
1849 3187 1913 3223 zu
1949 3170 2219 3235 vei-lieren,
2264 3171 2312 3222 d.
2349 3173 2384 3225 i.

1364 3239 1546 3291 darauf
1593 3239 1902 3291 verzichten.
1992 3238 2061 3291 So
2113 3238 2385 3291 bisweilen

1353 3308 1635 3374 praedam,
1647 3310 1977 3359 occasionem
1995 3310 2254 3358 amittere.
2273 3305 2386 3373 vgl.

1365 3375 1430 3427 ad
1455 3375 1568 3428 Her.
1587 3375 1671 3429 IV.
1690 3378 1774 3437 44,
1795 3379 1886 3427 57:
1933 3376 2172 3439 (Decius)
2206 3379 2389 3425 amisit

1363 3449 1549 3508 vitam,
1584 3444 1659 3496 ad
1678 3460 1788 3495 non
1821 3443 2074 3510 perdidit.

1436 3515 1516 3567 20.
1539 3512 1868 3579 sepeliendus
1903 3527 1966 3562 zu
1992 3510 2386 3577 unterdriicken‚

1366 3583 1466 3633 wie
1519 3581 1582 3634 de
1625 3582 1748 3646 imp.
1796 3579 1885 3631 Gn.
1932 3578 2112 3646 Pomp.
2164 3582 2256 3644 11,
2293 3582 2384 3633 30:

1365 3650 1557 3701 bellum
1580 3650 1820 3714 Pompeii
1852 3648 2089 3699 adventu
2119 3648 2387 3699 sublatum

1363 3734 1432 3769 ac
1461 3718 1742 3784 sepultum.

1435 3788 1517 3838 21.
1561 3784 1798 3851 Ecquid,
1839 3784 1973 3836 ohne
2009 3783 2384 3835 verneinenden

1368 3853 1511 3919 Sinn,
1530 3853 1657 3905 wird
1684 3851 1980 3919 gebraucht‚
1998 3866 2084 3901 um
2109 3850 2199 3902 aul'
2220 3858 2385 3902 etwas

2530 897 2604 962 [s

2487 1391 2544 1491 ⁶?
