2834 4317
1079 150 1264 202 LIBER
1301 151 1378 205 ΠΙ.
1419 154 1499 215 16,
1519 154 1602 206 35.
2261 214 2266 219 .
2327 152 2406 210 25

258 337 647 396 maereamuS,
678 323 780 384 sed
813 333 880 385 ut
916 338 1261 402 numquam.
1318 323 1526 402 Neque
1558 322 1716 383 enim
1748 321 1848 401 qui
1885 341 2084 385 rerum
2118 332 2407 398 naturam,

259 408 363 487 qui
393 408 542 469 vitae
571 408 911 469 varietatem
931 454 947 482 ,
996 411 1096 486 qui
1131 408 1592 469 imbecillitatem
1631 408 1868 485 generis
1896 408 2138 469 humani
2169 411 2407 489 cogitat,

259 501 515 566 maeret,
560 511 697 553 cum
739 494 881 554 haec
911 494 1160 571 cogitat,
1203 495 1303 555 sed
1347 501 1473 554 tum
1505 493 1596 552 vel
1627 492 1877 554 maxime
1915 494 2237 573 sapientiae
2267 498 2407 557 fun-

260 579 422 657 gitur
451 595 719 649 munere.
782 578 1112 656 Utrumque
1143 579 1302 640 enim
1333 577 1742 656 consequitur,
1773 585 1840 637 ut
1873 589 1933 638 et
1963 579 2407 642 considerandis

182 675 213 724 5
257 662 440 724 rebus
484 663 754 724 humanis
797 663 1042 743 proprio
1087 663 1497 743 philosophiae
1532 664 1763 722 fruatur
1807 663 2001 724 officio
2048 673 2107 724 et
2150 666 2407 727 adversis

258 747 493 809 casibus
535 747 1200 844 triplfflconsolatione
1230 756 1498 821 sanetur,
1547 747 1801 827 primum
1845 749 2003 827 quod
2048 767 2223 828 posse
2251 751 2405 811 acci-

257 833 397 892 dere
428 832 525 892 diu
572 834 865 910 cogitavit,
922 851 1072 911 quae
1115 833 1392 913 cogitatio
1436 850 1554 893 una
1596 833 1845 893 maxime
1881 833 2178 895 molestias
2213 836 2406 896 omnis
2495 847 2503 852 ’

258 924 537 978 extenuat
579 924 635 977 et
679 917 875 991 diluit,
919 919 1131 979 deinde
1174 919 1336 998 quod
1371 919 1627 979 humana
1664 919 1923 979 humane
1958 918 2201 979 ferenda
2232 921 2405 981 intel-

254 1000 424 1080 legit,
486 1010 785 1080 postremo
845 1005 1000 1082 quod
1046 1004 1205 1065 videt
1254 1003 1474 1064 malum
1531 1002 1758 1063 nullum
1812 1022 1938 1064 esse
1990 1003 2104 1064 nisi
2150 1006 2403 1085 culpam,

110 1097 213 1159 ,1ο
258 1087 493 1165 culpam
538 1096 733 1147 autem
780 1088 1002 1149 nullam
1047 1107 1212 1161 esse,
1248 1107 1392 1150 cum
1425 1088 1513 1159 id,
1560 1089 1716 1166 quod
1748 1087 1821 1147 ab
1868 1088 2108 1149 homine
2140 1109 2261 1150 non
2294 1109 2405 1169 po-

143 1522 206 1573 15

255 1171 437 1233 tuerit
464 1172 783 1251 praestari,
823 1173 1104 1234 evenerit.
1164 1174 1313 1235 Nam
1341 1174 1638 1234 revocatio
1670 1172 1783 1245 illa,
1822 1190 1998 1251 quam
2028 1174 2234 1246 adse‘rt,
2267 1193 2402 1235 cum
2445 1188 2503 1237 35

255 1274 285 1315 a
319 1257 673 1317 contuendis
704 1277 816 1319 nos
858 1258 1025 1320 malis
1069 1269 1290 1329 avocat,
1338 1258 1499 1318 nulla
1530 1266 1640 1318 est.
1712 1257 1845 1317 Non
1876 1268 1966 1319 est
2009 1258 2167 1319 enim
2200 1259 2260 1319 in
2292 1278 2405 1320 no-

254 1350 373 1401 stra
407 1349 694 1420 potestate
726 1343 1124 1404 fodicantibus
1154 1344 1224 1405 iis
1255 1342 1467 1415 rebus,
1513 1360 1660 1420 quas
1697 1343 1876 1403 malas
1906 1361 2035 1403 esse
2067 1343 2402 1421 opinemur,

253 1425 637 1487 dissimulatio
657 1428 749 1487 vel
772 1428 1017 1501 oblivio;
1047 1428 1314 1489 lacerant
1341 1436 1572 1496 vexant,
1603 1426 1871 1489 stimulos
1891 1429 2224 1501 admovent,
2248 1428 2404 1506 ignis

252 1510 555 1583 adhibent,
586 1514 877 1591 respirare
902 1532 1023 1574 non
1049 1514 1274 1575 sinunt.
1320 1512 1397 1572 Et
1416 1520 1483 1572 tu
1508 1511 1769 1573 oblivisci
1792 1512 1979 1585 iubes,
2009 1514 2166 1591 quod
2194 1523 2403 1574 contra

252 1604 524 1656 naturam
556 1606 672 1670 est,
719 1598 821 1675 qui
851 1599 1012 1676 quod
1043 1616 1075 1658 a
1108 1608 1319 1659 natura
1362 1597 1564 1657 datum
1595 1607 1685 1657 est
1728 1597 2007 1658 auxilium
2051 1607 2403 1677 extorqueas

251 1680 557 1742 inveterati
581 1681 801 1743 doloris
817 1680 847 1742 Ἰ
870 1683 975 1745 Est
997 1683 1156 1744 enim
1181 1682 1344 1745 tarda
1365 1682 1461 1742 illa
1486 1680 1723 1760 quidem
1744 1681 2053 1756 medicina,
2076 1682 2180 1744 sed
2203 1691 2409 1744 tamenv

251 1783 484 1845 magna,
515 1785 692 1845 quam
722 1768 911 1828 adfert
939 1768 1343 1848 longinquitas
1372 1775 1432 1829 et
1460 1766 1602 1835 dies.

251 1880 332 1933 die
359 1883 449 1933 10oe
472 1879 669 1947 vitae)'.
704 1882 823 1949 vgl.
847 1883 884 1935 1.
907 1886 993 1949 30,
1019 1888 1110 1937 74:
1138 1901 1276 1936 com-

248 1954 511 2018 mentatio
543 1955 750 2004 mortis.

306 2022 372 2069 ut
387 2035 592 2085 semper
616 2035 962 2084 moereamus,
978 2018 1275 2087 Beziehung

250 2086 344 2145 auf
360 2086 393 2153 §
420 2088 511 2139 32:
552 2090 646 2153 qui
679 2100 884 2153 semper
919 2092 1274 2154 cogitavisset,

244 2156 495 2207 accidere
521 2171 678 2220 posse
713 2156 924 2221 aliquid
956 2156 1185 2219 adversi,
1222 2161 1272 2207 ei

247 2222 376 2284 fieri
407 2224 548 2274 illuct
578 2227 958 2289 sempiternum
993 2224 1213 2276 malum.

248 2294 367 2408 Wli
433 2307 616 2342 rerum
667 2297 946 2343 naturam:
1004 2291 1135 2344 Laus
1182 2293 1271 2344 der

318 2373 346 2410 e
370 2362 404 2410 t.
1125 2386 1130 2399 ·

315 2429 360 2478 5.
393 2424 619 2486 fruatur·
661 2419 874 2489 officio:
924 2425 1048 2484 ‘die
1073 2427 1269 2493 cigent-

247 2493 384 2545 liche
420 2487 655 2560 Surgabe
692 2494 782 2546 der
808 2493 1138 2561 philosophie
1172 2497 1266 2547 mit

244 2560 610 2627 Betriedigung
650 2554 858 2616 e'rffillt’.
930 2563 1028 2614 Der
1075 2563 1265 2628 Haupt-

243 2636 531 2748 355222222.
552 2630 832 2749 ⁵32‘212'252521'
838 2647 1048 2763 “5533“
1049 2631 1270 2751 ἓῖῗῖἷῐ

244 2765 518 2832 tracbtung
539 2759 714 2817 selbst'
743 2794 809 2804 —
829 2766 986 2818 durch
1011 2766 1270 2820 Wachsen

245 2833 338 2885 der
362 2832 613 2896 Einsicbt)
647 2832 753 2885 und
789 2835 1027 2885 adversis
1062 2838 1274 2886 casibus

246 2893 358 2966 (im
383 2892 639 2967 Ungliick'
663 2929 732 2939 —
757 2900 913 2953 durch
941 2902 1039 2954 den
1076 2903 1273 2969 erlang-

250 2976 333 3022 ten
360 2968 553 3033 Trost).

311 3038 358 3089 7.
394 3053 506 3088 una
522 3039 775 3097 maxime,
802 3037 904 3102 vgl.
924 3052 987 3088 zu
1006 3035 1062 3089 11.
1089 3039 1169 3102 18,
1189 3040 1272 3091 43.

254 3159 276 3171 „
312 3105 361 3163 8,
424 3106 658 3156 humana
732 3106 962 3155 humane
1024 3104 1266 3165 ferenda.

242 3171 383 3224 Uber
429 3174 657 3223 humane
697 3170 848 3233 ferre
883 3188 924 3224 s.
960 3171 1016 3223 ΙΙ.
1054 3174 1136 3235 27,
1173 3176 1266 3232 65;

242 3256 309 3293 zu
335 3242 569 3291 humana
591 3242 818 3291 humane
842 3239 990 3300 ferre
1010 3241 1111 3305 vgl.
1135 3239 1268 3293 plut.

245 3307 453 3360 Consol.
487 3309 551 3359 ad
575 3308 746 3374 Apoll.
772 3324 822 3375 p.
853 3309 977 3361 118:
1013 3306 1087 3359 τὰ
1111 3304 1263 3359 κοινι“

242 3376 342 3427 τοῦ
369 3379 494 3442 βίον
530 3373 918 3443 συμπτώματα
951 3376 1143 3427 κοινῶς
1178 3380 1268 3444 φέ-

246 3462 362 3513 ρειν
384 3448 477 3495 καὶ
501 3441 566 3496 τὰ
594 3439 939 3510 ἀνθρώπινα
971 3439 1267 3513 ἀνθρωπί-

188 3522 195 3527 ·
243 3527 367 3564 νως.
440 3510 690 3595 Menand3
719 3529 767 3579 p.
786 3514 904 3593 ἱ269
938 3511 1119 3564 Mein.:
1155 3507 1270 3563 Ἀν-

244 3577 554 3650 θρωπίνως
595 3599 695 3648 χρη
736 3596 836 3631 τας
868 3574 1032 3643 τύχας
1066 3582 1269 3648 φέρειν,

246 3645 379 3713 ξένε,
425 3646 498 3696 Τὰ
534 3645 695 3699 κοινὰ
734 3648 931 3699 κοινῶς
965 3643 1050 3698 δεῖ
1083 3651 1270 3714 φέρειν

141 3746 149 3755 ·
243 3709 646 3780 συμπτώματα.

314 3785 361 3835 9.
410 3787 520 3833 nisi
565 3783 794 3851 eulpam.
870 3782 1116 3836 Schiller:
1144 3774 1269 3834 ‘Der

245 3836 377 3903 fJbel
413 3851 636 3917 grfifstes
670 3852 791 3905 aber
826 3853 896 3904 ist
931 3851 1014 3903 die
1040 3842 1264 3902 Schuld’.

1453 1886 1531 1935 11.
1572 1885 1861 1948 praestari.
1928 1884 2212 1934 Praestare
2258 1884 2402 1949 alqd.

1374 1944 1486 2002 ‘fur
1529 1956 1692 2002 etwas
1728 1943 2013 2004 einsteben’
2056 1952 2127 2002 ist
2176 1953 2259 2004 bei
2296 1951 2399 2004 Cic.

1377 2017 1612 2070 ziemlich
1640 2018 1829 2084 hafflig,
1866 2020 2017 2071 meist
2041 2019 2258 2085 positiv:
2294 2015 2403 2072 ‘da-

1376 2087 1474 2150 ffir,
1510 2086 1622 2138 dass
1659 2092 1823 2138 etwas
1855 2078 2151 2152 gescbieht'‚
2189 2103 2231 2138 z.
2253 2086 2310 2139 B.
2338 2086 2395 2140 V.

1378 2156 1459 2217 10,
1485 2156 1576 2212 29;
1613 2154 1723 2206 hier
1756 2155 1901 2206 indes
1938 2155 2176 2220 negativ:
2211 2149 2396 2216 ‘darum

1376 2223 1491 2273 dass
1536 2236 1592 2273 es
1638 2222 1779 2273 nicht
1827 2213 2137 2287 gescbiebt’‚
2189 2224 2291 2273 wie
2335 2222 2399 2274 de

1374 2293 1502 2341 orat.
1553 2289 1611 2340 ll.
1647 2291 1729 2352 28,
1783 2292 1906 2342 124:
1964 2304 2097 2355 quos
2149 2291 2398 2355 (impetus

1367 2358 1578 2424 populi)
1622 2362 1902 2422 praestare
1948 2372 2101 2407 nemo
2130 2363 2325 2422 posset.

1438 2424 1596 2487 Nam,
1632 2426 1681 2475 d.
1712 2425 1746 2476 i.
1781 2440 1883 2477 von
1916 2424 2006 2476 der
2034 2441 2143 2476 rev.
2182 2424 2288 2475 will
2313 2425 2396 2476 ich

1369 2508 1460 2559 gar
1495 2493 1634 2544 nicht
1659 2493 1907 2554 redemta
1933 2508 1996 2543 zu
2025 2494 2108 2557 30,
2134 2494 2223 2544 73:
2259 2491 2398 2544 Nam

1369 2561 1516 2627 quod
1547 2563 1717 2612 aiunt.
1800 2586 1804 2591 v

1435 2643 1595 2694 quam
1632 2627 1814 2690 adfert
1847 2643 1919 2683 sc.
1956 2628 2241 2693 Epicur-ue.

1447 2698 1525 2748 13.
1563 2695 1943 2760 fodicantibus,
1981 2696 2086 2760 vgl.
2109 2694 2165 2748 11.
2195 2698 2276 2759 14,
2301 2697 2393 2749 33:

1402 2764 1567 2816 odiat.
1709 2770 1720 2775 “

1366 2764 1410 2826 f
1449 2835 1528 2885 14.
1564 2833 1709 2897 ignis
1745 2832 2012 2895 adhibent,
2049 2847 2091 2884 s,
2127 2830 2183 2882 ll.
2221 2833 2304 2896 25,
2330 2833 2395 2886 61

1374 2916 1439 2952 zu
1475 2898 1623 2961 faces
1658 2900 1861 2951 doloris
1895 2900 2126 2965 (stechen
2165 2899 2264 2951 wie
2298 2896 2400 2950 Na-

1377 2968 1513 3031 deln,
1549 2969 1777 3025 brennen
1814 2968 1916 3019 wie
1950 2965 2188 3030 Kohlen).
2295 3028 2302 3035 ,

1452 3039 1532 3089 15.
1569 3036 1642 3087 Et
1679 3041 1739 3086 tu
1777 3036 1877 3088 obl.
1914 3037 2080 3096 iubeS,
2117 3051 2159 3087 s.
2184 3051 2229 3086 z.
2255 3033 2289 3088 I.
2314 3038 2397 3100 38,

1371 3107 1462 3157 92:
1486 3108 1541 3153 et
1557 3105 1794 3163 dubitas;
1819 3108 2140 3169 extorqueas
2158 3102 2269 3155 bez.
2289 3104 2401 3155 sich

1371 3171 1463 3224 aus
1568 3173 1649 3223 32.
1885 3220 1891 3227 ,

1445 3171 1527 3293 16ς.
1562 3239 1635 3290 Zu
1672 3239 1947 3290 aua-ilium
1981 3241 2141 3291 iuvet.
2192 3236 2395 3289 doloris

1370 3308 1476 3373 vgl.
1511 3306 1547 3359 1.
1577 3310 1657 3369 15,
1683 3310 1778 3360 34:
1814 3307 2103 3357 mercedem
2133 3306 2362 3370 gloriae.

1444 3378 1522 3428 17.
1547 3375 1646 3426 Est
1667 3378 1809 3425 enim
1835 3380 1932 3435 cet.
1955 3372 2158 3426 bezieht
2175 3373 2285 3425 sich
2311 3373 2403 3424 aus

1371 3443 1641 3494 auoez‘lium
1676 3460 1710 3494 a
1747 3446 1951 3493 natura
1988 3441 2190 3492 datum.
2261 3426 2399 3492 Uber

1371 3512 1469 3562 illa
1499 3511 1711 3576 quidem
1737 3511 1839 3575 vgl.
1868 3526 1910 3562 z.
1935 3509 1970 3563 1.
1999 3511 2045 3572 3,
2072 3511 2131 3559 6:
2170 3510 2237 3559 ab
2263 3511 2399 3574 opti-

1372 3582 1478 3628 mis
1512 3579 1623 3629 illis
1659 3579 1885 3644 quidem.

1445 3649 1522 3700 18.
1561 3647 1927 3712 longinquitas
1962 3649 2014 3696 et
2048 3643 2159 3694 dies
2191 3669 2261 3689 ==
2285 3645 2400 3695 lon·

1365 3717 1650 3780 ginquitas
1687 3716 1952 3781 temporis.
2023 3712 2153 3762 Dies
2179 3735 2246 3754 =
2272 3716 2399 3762 tem-

1361 3798 1469 3900 ἷὶξῖισ
1502 3783 1634 3834 auch
1675 3783 1758 3845 22,
1795 3782 1887 3841 533
1927 3783 2011 3846 24,
2048 3781 2137 3841 58;
2180 3778 2265 3845 30,
2301 3783 2396 3840 74;

1437 3887 1450 3901 .
1495 3853 1571 3915 17,
1596 3852 1679 3903 39.
