2834 4317
1049 159 1237 213 usna
1270 158 1354 215 1v.
1393 123 1482 226 19,
1499 163 1582 213 44.
2296 159 2377 222 79

232 333 545 412 multoque
565 341 625 394 et
645 333 708 393 in
730 333 962 415 hostem
994 341 1054 393 et
1082 333 1143 393 in
1176 331 1517 412 improbum
1547 331 1733 393 civem
1764 333 2234 396 vehementiores
2262 335 2380 396 ira-

234 426 432 479 torum
464 417 723 497 impetus
753 435 912 492 esse,
957 417 1097 479 levis
1130 426 1326 479 autem
1356 416 1722 478 ratiunculas
1751 435 1957 478 eorum
1977 463 1994 488 ,
2039 419 2140 497 qui
2170 419 2249 480 ita
2278 439 2381 481 co-

233 503 526 582 gitarent:
572 503 862 582 proelium
902 513 1117 564 rectum
1163 514 1242 564 est
1284 502 1386 564 hoc
1434 502 1597 582 fieri,
1651 505 1912 563 convenit
1954 503 2228 565 dimicare
2264 524 2404 585 pre

232 588 478 667 legibus,
502 606 613 667 pro
646 587 931 659 libertate,
972 606 1079 667 pro
1106 590 1322 667 patria.
1391 587 1550 647 Haec
1580 586 1801 647 nullam
1833 587 2059 665 habent
2084 588 2233 664 vim,
2264 589 2379 651 nisi

153 682 184 731 5
228 672 315 734 ira
341 672 657 734 excanduit
676 672 981 734 fortitudo.
1019 672 1141 733 Nec
1163 690 1301 733 vero
1326 672 1400 732 de
1423 670 1809 733 bellatoribus
1830 671 2021 735 solum
2045 673 2381 753 disputant;

229 757 479 837 imperia
495 757 789 819 severiora
814 757 977 818 nulla
1005 775 1135 818 esse
1165 764 1377 837 putant
1405 756 1535 818 sine
1565 757 1761 836 aliqua
1792 756 2109 836 acerbitate
2141 759 2381 820 iracun-

227 842 391 918 diae3
437 851 737 903 oratorem
766 842 1023 920 denique
1066 861 1190 903 non
1234 842 1412 903 modo
1456 851 1863 916 accusantem,
1906 843 2008 903 sed
2053 861 2131 904 ne
2174 844 2380 904 defen-

227 927 468 988 dentem
492 927 728 1006 quidem
752 926 1012 1007 probant
1029 926 1160 988 sine
1181 926 1399 988 aculeis
1422 926 1779 999 iracundiae,
1812 944 1964 1006 quae
1981 927 2157 988 etiam
2180 928 2229 989 si
2254 947 2378 990 non

226 1012 400 1085 adsit,
429 1021 627 1072 tamen
651 1011 848 1073 verbis
881 1020 1058 1091 atque
1086 1020 1254 1073 motu
1283 1011 1675 1074 simulandam
1703 1010 2087 1086 arbitrantur,
2118 1021 2186 1073 ut
2213 1013 2380 1074 audi-

123 1105 183 1157 10
222 1097 375 1158 toris
395 1097 545 1158 iram
568 1096 818 1158 oratoris
848 1096 1128 1158 incendat
1157 1097 1330 1157 actio.
1397 1096 1602 1157 Virum
1633 1097 1893 1175 denique
1924 1097 2107 1158 videri
2140 1108 2378 1177 negant,

230 1182 335 1260 qui
374 1181 547 1243 irasci
577 1182 832 1257 nesciat,
876 1200 1156 1260 eamque,
1190 1199 1369 1261 quam
1397 1181 1690 1244 lenitatem
1719 1200 1831 1242 nos
1860 1180 2139 1254 dicimus,
2170 1182 2378 1244 vitioso

228 1266 591 1329 lentitudinis
634 1267 876 1328 nomine
920 1267 1240 1347 appellant.
1315 1266 1439 1327 Nec
1478 1284 1621 1327 vero
1662 1266 1855 1328 solum
1885 1266 2042 1327 hanc
2070 1266 2394 1328 libidinem·

227 1351 474 1413 laudant
503 1386 584 1397 —-
617 1360 706 1413 est
737 1352 897 1412 enim
926 1351 1044 1426 ira,
1087 1359 1153 1413 ut
1179 1351 1359 1413 modo
1391 1351 1657 1427 definivi,
1702 1350 2031 1412 ulciscendi
2059 1349 2240 1411 libido
2271 1386 2374 1426 ——,

229 1435 333 1498 sed
379 1436 571 1517 ipsum
617 1436 760 1498 illud
807 1455 997 1516 genus
1034 1437 1129 1497 vel
1168 1435 1432 1497 libidinis
1472 1436 1561 1496 vel
1605 1435 1943 1516 cupiditatis
1985 1437 2056 1496 ad
2087 1454 2378 1497 summam

123 1530 182 1583 15
224 1521 537 1582 utilitatem
583 1539 710 1582 esse
750 1521 959 1582 dicunt
997 1539 1031 1581 a
1062 1529 1271 1583 natura
1315 1522 1515 1583 datum
1534 1539 1551 1595 ;
1603 1521 1749 1583 nihil
1794 1520 1954 1581 enim
1999 1539 2377 1600 quemquam,

228 1605 346 1667 nisi
385 1607 545 1685 quod
585 1605 817 1678 lubeat,
861 1605 1162 1686 praeclare
1207 1607 1401 1667 facere
1444 1624 1638 1686 posse.

1710 1605 1904 1666 Noctu
1944 1605 2284 1666 ambulabat
2314 1606 2376 1666 in

226 1690 471 1771 publico
503 1691 961 1764 Themistocles,
1005 1710 1143 1752 cum
1185 1708 1464 1752 somnum
1507 1709 1719 1771 capere
1761 1709 1886 1752 non
1919 1699 2152 1770 posset,
2196 1708 2379 1769 quae·-

227 1923 346 1977 Eth.
370 1923 483 1976 Nic.
517 1923 600 1976 IV.
628 1927 673 1976 5.
725 1923 843 1976 Sen.
881 1924 945 1976 de
978 1925 1052 1976 ira
1086 1925 1162 1978 111.
1199 1927 1256 1977 3:

229 1994 399 2057 (Iram
431 1993 766 2058 Aristoteles)
811 1993 992 2044 calcar
1031 1995 1114 2044 ait
1146 2008 1257 2044 esse

227 2063 484 2122 virtutis,·
516 2062 617 2111 hac
649 2065 831 2126 erepta
856 2064 1112 2111 inermem
1136 2064 1254 2112 ani-

225 2143 375 2180 mum
427 2132 479 2178 et
534 2129 608 2178 ad
648 2133 873 2180 conatus
904 2143 1130 2192 magnos
1210 2131 1255 2178 i-

222 2211 392 2261 grum
415 2198 747 2262 inertemque
771 2195 912 2258 fiem‘.
933 2225 1001 2234 —
1025 2194 1120 2246 Mit
1153 2146 1253 2249 «fan

225 2263 400 2329 Pei-ip.
437 2264 665 2316 stimmte
689 2264 932 2330 librigens
966 2263 1131 2315 hieria
1168 2263 1251 2316 die

230 2332 372 2383 alte
396 2330 682 2383 Akademie‘
716 2331 948 2383 uberein.

295 2404 470 2451 cotem
513 2399 874 2461 fortitudinis.
910 2398 1028 2465 Vgl.
1054 2401 1138 2465 21,
1162 2403 1256 2453 48·

226 2467 453 2519 ardores
489 2470 795 2518 animorum
820 2471 1065 2532 cotesque
1089 2471 1258 2518 virtu-

228 2541 359 2585 tum.
398 2534 603 2587 Ebenso
622 2534 778 2587 Acad.
799 2534 855 2588 Π.
875 2538 959 2600 44,
982 2536 1106 2588 1352
1144 2538 1256 2587 ira-

227 2603 483 2654 cundiam
517 2601 863 2663 fortitudinis
897 2606 1055 2668 quasi
1090 2610 1257 2654 cotem

226 2687 341 2721 esse
374 2670 623 2722 dicebant
657 2675 880 2735 (veteres
909 2671 1255 2734 Academici).

299 2739 349 2791 2.
385 2737 459 2790 Zu
496 2742 803 2803 cogitarent
833 2738 1039 2804 vgl.111.
1060 2741 1142 2804 26,
1161 2741 1250 2792 63:

227 2807 606 2857 immolavisset
638 2807 769 2858 nach
801 2808 1090 2858 invehitur.

295 2878 348 2927 4.
385 2876 517 2924 haec
545 2874 754 2925 nullam
790 2876 988 2925 habent
1018 2878 1127 2924 vim
1153 2879 1252 2929 cet.

225 2942 282 2994 ln
318 2941 411 2993 der
435 2941 820 3009 Lebhaftigkeit
852 2941 942 2992 der
966 2940 1106 2993 Rede
1131 2943 1254 3007 geht

229 3010 406 3062 Cicero
443 3024 536 3061 aus
574 3009 664 3061 der
697 3025 799 3061 von
838 3010 1030 3061 dicunt
1062 3010 1254 3061 abhan-

218 3079 385 3143 gigen
421 3081 550 3129 orat.
575 3078 679 3130 obl.
715 3078 769 3128 in
807 3076 889 3129 die
924 3081 1063 3128 recta
1101 3078 1250 3139 siben

229 3161 271 3199 s,
292 3145 351 3197 11.
372 3148 420 3209 7,
445 3148 507 3197 17
529 3161 595 3197 zu
617 3146 894 3208 Adfirmat
914 3173 984 3184 —
1009 3145 1163 3196 dicet.

299 3215 350 3266 8.
408 3229 546 3278 quae
607 3216 772 3264 etiam
828 3216 878 3262 si
936 3217 1036 3267 cet.
1109 3211 1252 3264 Nach

227 3279 503 3332 deutscher
560 3280 1019 3333 Ausdrucksweise
1077 3280 1254 3333 witi-de

224 3363 346 3400 man
390 3363 551 3415 quam
586 3353 862 3409 erwartem
913 3348 1021 3415 vgl.
1061 3348 1252 3413 jedoch

228 3416 264 3468 Ι.
287 3417 372 3480 34,
391 3418 484 3468 84:
512 3419 608 3482 qui
625 3446 685 3454 —
711 3420 762 3466 si
779 3417 1151 3468 occidissemus
1169 3445 1253 3482 -,

229 3499 375 3534 mors
409 3499 507 3535 nos
542 3487 911 3537 abstraxisset.

298 3554 347 3604 9.
384 3552 670 3617 auditoris,
706 3551 876 3604 v'vofiir
909 3568 1121 3617 eorum,
1158 3555 1254 3617 qui

228 3620 461 3671 audiant
505 3619 596 3671 das
644 3620 1059 3686 gewohnlichere
1095 3621 1250 3685 wiire,

226 3687 296 3738 ist
341 3687 437 3741 mit
471 3686 756 3741 Riieksicht
790 3688 882 3739 auf
913 3687 996 3739 die
1031 3686 1250 3740 Konzin-

227 3754 362 3806 nitfit
396 3769 581 3821 wegen
632 3755 723 3808 des
759 3755 1034 3822 folgenden
1071 3759 1251 3806 orato-

224 3825 306 3873 ris
341 3826 559 3890 gesetzt.

167 1776 181 1825 ἑ
227 1775 621 1854 rentibusque
667 1775 1069 1856 respondebat
1097 1776 1368 1838 Miltiadis
1396 1775 1657 1856 tropaeis
1686 1794 1751 1838 se
1780 1795 1814 1836 e
1843 1793 2056 1836 somno
2086 1775 2378 1838 suscitari.

1431 1929 1511 1979 10.
1534 1926 1728 1978 Virum
1749 1925 1845 1977 mit
1861 1922 2186 1987 Nachdruck,
2201 1925 2303 1976 wie
2321 1923 2378 1979 11.

1359 1996 1442 2059 22,
1479 1997 1573 2048 53:
1609 1997 1921 2045 rusticanus
1953 1995 2059 2058 vir,
2093 1992 2188 2042 sed
2216 1993 2380 2058 plane
2443 2042 2450 2049 ,

1354 2078 1508 2200 ”vi-L
1554 2161 1773 2211 eamque
1812 2172 1879 2182 —
1915 2161 1983 2210 ap
2022 2144 2203 2195 ellani.
2273 2144 2379 2196 Cic.

1355 2214 1475 2266 thut
1510 2213 1606 2266 den
1644 2212 1972 2279 Peripatet.
2003 2212 2204 2273 nrecht;
2242 2211 2378 2263 deun

1357 2282 1441 2334 die
1466 2279 1735 2349 πρᾳότης,
1759 2281 1966 2344 lenitas,
1990 2279 2276 2331 verwarfen
2302 2279 2377 2330 sie

1358 2351 1533 2412 nicht,
1594 2348 1815 2400 sondern
1866 2347 2021 2398 deren
2073 2346 2378 2398 fehlerhafte

1315 2460 1324 2468 ,
1356 2417 1667 2482 Ausartung,
1691 2416 1775 2467 die
1792 2408 2072 2493 ἆοργησία,
2099 2415 2379 2477 lentitudo,

1358 2485 1452 2537 das
1474 2483 1722 2550 Phlegma
1755 2484 1966 2548 (ebeuso
1997 2482 2097 2533 wie
2133 2481 2231 2533 den
2267 2489 2379 2533 ent-

1358 2551 1805 2619 gegengesetzten
1827 2549 2025 2614 Fehler,
2061 2549 2144 2601 die
2163 2545 2377 2669 ὄὲγιλό-

1359 2636 1471 2740 Ξῖἕέ
1493 2618 2177 2753 tttztssfflssteatfflfl
2194 2689 2240 2738 -ι,
2241 2630 2379 2681 ¹¹'¹¹²

1428 2773 1698 2823 lenitatem
1722 2761 2135 2852 ‘Gelassenheit’,
2162 2771 2377 2822 lentitu-

1355 2842 1500 2892 dinis
1527 2830 1883 2906 ’Βεεείςὶιείιζ

1424 2927 1642 3004 vitioso,
1696 2924 1806 2975 hier
1846 2917 2017 2974 ‘einen
2065 2924 2248 2977 Fehler
2291 2939 2378 2976 an-

1355 2982 1624 3055 deutend',
1661 2992 1771 3043 also
1796 2983 2072 3042 tadelnd'.

1427 3062 1506 3112 12.
1543 3061 1685 3111 hane
1733 3059 2007 3110 libidinem
2045 3052 2213 3112 ‘diese
2255 3059 2381 3124 (ein-

1353 3128 1521 3191 zelne)
1547 3127 1641 3179 Art
1664 3127 1754 3178 der
1777 3120 1976 3190 libido',
1998 3127 2067 3179 im
2095 3127 2380 3192 Gegensatz

1357 3211 1449 3247 zur
1486 3195 1652 3245 libido
1687 3194 1995 3260 uberhaupt.

1431 3265 1508 3316 13.
1553 3268 1617 3313 ut
1646 3263 1804 3314 modo
1840 3263 2088 3323 definivi.
2126 3263 2207 3325 12,
2244 3263 2325 3312 27.

1430 3333 1508 3382 14.
1528 3345 1790 3395 genus—
1810 3330 2067 3395 libidinis,
2093 3344 2133 3381 8.
2153 3328 2290 3389 1.15,
2311 3329 2380 3379 34

1357 3414 1419 3450 zu
1454 3399 1747 3449 mercedem
1774 3398 2005 3463 gloriae,
2052 3368 2158 3447 und
2193 3408 2379 3459 wegen

1355 3468 1530 3517 vel—
1554 3465 1641 3516 vel
1661 3482 1724 3517 zu
1749 3465 1827 3520 ΠΙ.
1858 3467 1937 3528 11,
1963 3466 2043 3516 24.

1431 3552 1511 3604 16.
1548 3552 1658 3601 nisi
1690 3550 1835 3615 quod
1868 3577 1934 3586 -
1971 3548 2151 3598 lubeat
2181 3568 2249 3588 =
2272 3548 2381 3596 nisi

1350 3621 1412 3669 in
1450 3619 1596 3684 quod
1634 3618 1854 3668 libidine
1886 3619 1961 3666 im
1998 3616 2210 3667 ellatur.

1427 3689 1504 3738 17.
1530 3684 1918 3736 Themistocles.
1994 3682 2189 3735 ieselbe
2206 3679 2378 3733 Auek-

1352 3753 1475 3872 ssote
1490 3774 1502 3805 ι
1516 3749 1631 3805 Val.
1649 3752 1782 3804 Max.
1795 3750 1918 3803 Vlll.
1937 3753 2016 3817 14,
2039 3753 2140 3803 ext.
2163 3753 2188 3802 1
2207 3770 2220 3811 3
2241 3748 2378 3801 Plut.

1398 3821 1532 3872 hem.
1570 3836 1614 3872 c.
1652 3822 1700 3871 3.
