2834 4317
6 318 9 403 ι

108 1557 167 1608 15

940 177 1130 231 LIBER
1163 177 1240 231 111.
1276 180 1359 241 28,
1380 183 1462 231 71.
1499 181 1683 244 29,71.
2279 180 2361 238 45

200 352 446 413 doloris·
494 352 668 425 Quid,
695 352 935 431 quinon
962 351 1514 432 putantlugendum
1529 349 1712 413 viris?
1737 352 1925 431 qualis
1947 352 2058 412 suit
2075 351 2366 423 Q.Maxu·

202 457 341 499 mus
371 438 630 499 efferens
662 438 846 498 filium
877 437 1249 498 consularem
1271 483 1288 508 ,
1333 436 1523 514 qualis
1551 436 1619 497 L.
1652 437 1870 498 Paulus
1899 437 2133 497 duobus
2161 440 2368 517 paucis

202 521 419 585 diebus
461 523 689 584 arnissis
729 522 896 594 filiis,
943 522 1131 600 qualis
1161 521 1237 583 M.
1270 521 1412 583 Cato
1455 529 1731 601 praetore
1774 521 2083 599 designato
2127 532 2365 583 mortuo

203 608 349 679 filio,
380 608 586 687 quales
616 607 865 685 reliqui,
898 626 1048 686 quos
1077 607 1140 667 in
1171 606 1591 669 Consolatione
1620 606 2009 685 conlegimuS.
2069 606 2224 678 Quid
2255 608 2368 670 hos
2414 619 2472 669 “11

125 706 158 755 5
203 692 364 753 aliud
394 691 664 773 placavit,
698 692 810 754 nisi
843 692 1000 770 quod
1033 692 1261 753 luctum
1289 702 1349 752 et
1378 709 1705 753 maerorem
1748 710 1879 753 esse
1924 711 2044 753 non
2078 693 2367 772 putabant

204 776 361 838 viri?
418 778 579 857 Ergo
609 777 700 849 id,
745 778 904 855 quod
937 777 1032 838 alii
1064 787 1293 838 rectum
1335 777 1653 857 opinantes
1694 777 2048 856 aegritudini
2077 797 2141 838 se
2170 778 2369 839 solent

204 864 456 936 dedere,
504 863 563 923 id
593 862 654 922 hi
684 871 863 942 turpe
890 872 1169 941 putantes
1197 863 1632 942 aegritudinem
1662 863 2074 942 reppulerunt.
2127 863 2216 924 Ex
2247 881 2367 942 quo

152 944 155 947 ’
207 947 578 1026 intellegitur
607 967 730 1008 non
766 947 829 1008 in
864 956 1094 1021 natura,
1125 948 1227 1009 sed
1262 948 1323 1008 in
1356 948 1643 1028 opinione
1673 966 1803 1009 esse
1831 948 2283 1026 aegritudinem.

382 1033 600 1095 Contra
631 1033 913 1093 dicuntur
941 1034 1113 1094 haec:
1169 1032 1316 1104 Quis
1342 1042 1463 1093 tam
1495 1034 1769 1104 demens,
1809 1042 1877 1093 ut
1913 1051 2021 1093 sua
2059 1033 2365 1095 voluntate
2397 1037 2475 1095 29

105 1133 167 1184 10
211 1116 513 1180 maereat?
557 1119 777 1180 Natura
807 1119 999 1178 adfert
1027 1118 1325 1191 dolorem,
1356 1119 1453 1181 cui
1486 1119 1724 1196 quidem
1755 1118 2037 1191 Crantor,
2070 1121 2372 1197 inquiunt,

208 1211 405 1264 vester
433 1203 765 1265 cedendum
795 1211 992 1282 putat;
1023 1203 1241 1283 premit
1269 1205 1427 1263 enim
1457 1214 1635 1281 atque
1666 1203 1863 1274 instat,
1897 1221 2010 1263 nec
2037 1203 2229 1265 resisti
2260 1222 2374 1284 po-

212 1297 346 1350 test.
405 1288 611 1367 Itaque
640 1287 847 1349 Olleus
889 1287 986 1348 ille
1028 1289 1184 1367 apud
1217 1288 1605 1368 Sophoclem,
1651 1288 1751 1365 qui
1782 1287 2164 1348 Telamonem
2200 1299 2372 1350 antea

212 1374 286 1435 de
315 1373 509 1435 Aiacis
532 1380 720 1435 morte
744 1373 1087 1434 consolatus
1108 1380 1283 1445 esset,
1315 1373 1366 1434 is
1397 1390 1534 1433 cum
1559 1372 1871 1434 audivisset
1893 1374 1965 1434 de
1989 1391 2121 1446 suo,
2152 1375 2375 1437 fractus

213 1466 321 1520 est.
382 1460 468 1520 De
496 1458 668 1519 cuius
695 1466 1051 1519 commutata
1085 1467 1284 1519 mente
1313 1458 1399 1518 sic
1430 1458 1674 1519 dicitur:

523 1543 639 1604 Nec
660 1545 798 1605 ve'ro
830 1555 993 1604 tanta
1015 1544 1318 1625 praeditus
1344 1545 1631 1623 sapientia

531 1628 853 1708 Quisquam
885 1630 985 1698 ἐπ,
1016 1633 1117 1709 qui
1142 1628 1395 1691 aliorum
1424 1631 1768 1689 aerumnam
1800 1630 1964 1689 dictis
1994 1629 2270 1692 adlevans

525 1713 660 1775 Non
688 1715 858 1785 idem,
887 1733 1019 1775 cum
1046 1712 1296 1792 fortuna
1321 1723 1548 1775 mutata
1575 1718 1852 1794 impetum

300 1883 347 1933 1.
394 1880 558 1945 Quid,
615 1884 710 1946 qui
761 1897 872 1931 non
908 1885 1112 1947 putant
1144 1884 1247 1930 -Ρ

1414 1883 1465 1934 9.
1501 1881 1703 1933 Contra
1738 1882 1997 1932 dicuntur
2030 1883 2187 1947 haec,
2222 1883 2377 1936 niiml.

217 1948 320 1999 wie
346 1948 378 2013 5
404 1951 494 2000 65:
544 1948 702 2014 Quid,
736 1951 1246 2015 quos—prohibet?
1345 1965 1397 2002 ν.
1442 1949 1492 2002 d.
1530 1948 1952 2016 Peripatetikern.
1993 1949 2107 2016 Vgl.
2144 1952 2277 2002 auch
2314 1967 2378 2003 zu

290 2016 348 2080 Q.
382 2016 589 2067 Fabius
625 2017 893 2067 Maximus
936 2017 1246 2069 Cunctator.

220 2085 327 2136 Cat.
365 2082 432 2137 M.
469 2087 520 2149 4,
557 2085 647 2136 12:
695 2085 867 2136 Multa
913 2088 973 2135 in
1018 2102 1079 2136 eo
1125 2088 1246 2135 viro

1344 2017 1381 2069 1.
1418 2020 1468 2077 4,
1505 2019 1554 2070 8.

1420 2090 1503 2138 10.
1530 2086 1765 2137 Crantor
1800 2086 1860 2147 (S.
1896 2085 1933 2137 1.
1960 2087 2043 2148 48,
2074 2088 2189 2148 115)
2224 2085 2379 2138 heisst

217 2152 505 2218 praeclara
552 2156 808 2218 cognovi,
854 2154 950 2203 sed
991 2154 1133 2203 nihil
1171 2159 1251 2203 est
1349 2159 1524 2204 vester
1558 2153 1636 2205 als
1669 2153 1905 2218 Mitgtied
1955 2157 2045 2204 der
2079 2154 2378 2218 Akademie,

223 2220 602 2272 admirabilius
631 2237 791 2287 quam
827 2237 933 2287 quo
966 2223 1122 2272 modo
1156 2222 1250 2271 ille

222 2294 446 2355 mortem
497 2289 605 2351 filii
658 2291 808 2354 tulit,
860 2289 999 2339 clari
1046 2291 1158 2340 viri
1201 2295 1255 2339 et

226 2357 544 2408 consularis.
612 2358 713 2408 Est
754 2360 816 2407 in
858 2360 1104 2408 manibus
1140 2358 1254 2409 lau-

224 2427 403 2487 datio,
451 2441 612 2490 quam
646 2441 767 2476 cum
801 2427 1054 2490 legimus,
1099 2442 1253 2491 quem

221 2494 598 2559 philosophum
654 2509 765 2544 non
834 2497 1255 2544 contemnimus?

224 2561 325 2612 Der
360 2560 527 2624 Sohn,
575 2560 661 2626 0.,
701 2577 808 2612 war
853 2564 952 2614 213
1000 2563 1094 2613 mit
1138 2561 1254 2614 Tib.

225 2630 560 2694 Sempronius
608 2629 867 2681 Gracchus
919 2630 1115 2682 Konsul
1169 2646 1256 2696 ge-

225 2712 422 2749 wesen.

298 2767 345 2817 2.
381 2765 443 2817 L.
479 2764 742 2814 Aemilius
775 2765 991 2830 Paulus,
1033 2765 1122 2817 der
1158 2765 1256 2817 Be-

228 2833 398 2897 sieger
422 2832 513 2884 des
539 2832 774 2898 Perseus,
800 2835 968 2885 verlor
992 2835 1122 2885 nach
1146 2835 1252 2886 Liv.

228 2900 378 2952 XLV.
413 2904 480 2954 40
515 2916 565 2953 u.
595 2904 654 2952 41
695 2902 731 2952 i.
753 2900 800 2952 J.
831 2903 944 2964 167,
979 2902 1165 2966 gerade
1201 2903 1252 2953 in

231 2969 329 3020 den
366 2966 542 3033 Tagen
587 2970 756 3020 seines
792 2967 1127 3036 Triumphes‚
1170 2969 1254 3022 die

232 3035 414 3088 beiden
442 3038 694 3102 jungsten
729 3038 895 3089 seiner
930 3039 1041 3089 vier
1065 3038 1258 3104 Sohne,

229 3107 301 3156 im
338 3103 698 3156 Knanenalter.
764 3104 918 3168 (Vell.
954 3105 1010 3157 P.
1047 3107 1081 3157 l.
1122 3110 1223 3171 10.)

312 3175 361 3225 3.
415 3172 486 3223 Μ.
527 3174 753 3223 Porcius
802 3173 931 3224 Cato
977 3174 1260 3226 Censorius

232 3242 404 3292 verlor
446 3241 624 3292 seinen
668 3242 862 3292 alten-en
909 3241 1052 3293 Sohn
1096 3240 1164 3294 M.
1202 3242 1259 3294 P.

232 3309 287 3360 G.
315 3307 603 3359 Licinianus
642 3311 739 3361 152
775 3324 827 3360 V.
861 3309 975 3361 Chr.
1034 3309 1151 3375 Vgl.
1175 3311 1259 3363 die

232 3376 427 3428 echone
465 3375 655 3428 Stelle:
693 3378 800 3428 Cat.
835 3375 904 3428 M.
942 3381 1025 3442 23,
1050 3380 1132 3431 84.

300 3447 351 3496 4.
376 3446 438 3493 in
457 3444 846 3508 Consolatione,
868 3461 909 3499 s.
930 3462 991 3498 zu
1013 3446 1047 3497 Ι.
1075 3449 1156 3508 26,
1176 3450 1259 3501 65.

304 3518 353 3564 6.
389 3512 450 3562 id
483 3540 551 3550 --
584 3512 669 3576 id,
704 3527 746 3564 s.
785 3514 833 3576 8,
873 3516 935 3566 18
971 3531 1035 3565 zu
1069 3520 1136 3566 ab
1171 3532 1255 3574 eo;

234 3584 444 3630 rectum
476 3582 758 3646 opinantes
792 3589 916 3643 cet.,
961 3597 1142 3648 wegen
1169 3585 1260 3636 des

235 3648 618 3700 Parallelismus
672 3650 767 3699 mit
816 3648 932 3701 dem
985 3650 1261 3716 folgenden

237 3715 392 3768 Satze
452 3722 608 3768 statt:
679 3719 885 3767 rectum
953 3721 1264 3784 opinantur,

235 3785 578 3848 aegritudini
599 3800 657 3834 ee
686 3783 893 3837 dedere.
939 3785 1055 3852 vgl.
1094 3787 1150 3839 ll.
1181 3790 1262 3849 26,

236 3857 331 3905 64:
370 3856 592 3917 captans
626 3852 858 3905 delectet.

1352 2221 1443 2272 der
1473 2221 1674 2273 ‘Cicero
1734 2222 1801 2272 im
1857 2220 2060 2286 Prinzip
2119 2222 2257 2273 sich·
2290 2238 2379 2273 an-

1353 2289 1605 2341 schliesst.
1676 2287 1792 2354 Vgl.
1826 2288 1903 2341 Ill.
1941 2291 1989 2351 6,
2028 2292 2110 2344 12.

1427 2361 1510 2412 13.
1543 2358 1609 2406 de
1631 2357 1817 2408 Aiacis
1849 2363 2036 2420 morte,
2070 2374 2112 2409 s.
2139 2373 2203 2408 zu
2224 2357 2263 2409 1.
2298 2361 2382 2419 41,

1355 2427 1447 2485 98;
1481 2429 1530 2476 is
1551 2426 1733 2475 nimmt
1756 2426 1904 2476 einen
1928 2425 2381 2490 vorhergehenden

1301 2544 1305 2549 ,
1354 2493 1506 2558 Begr.
1540 2493 1759 2556 (Oileus)
1783 2491 1975 2544 wieder
1998 2493 2103 2553 auf,
2133 2494 2231 2544 wie
2256 2497 2289 2558 §
2318 2498 2378 2547 71

1355 2565 1448 2612 das
1485 2562 1671 2612 zweite
1705 2562 1787 2621 id3
1824 2561 1930 2625 vgl.
1967 2562 2016 2626 8,
2055 2563 2134 2617 18.

1426 2630 1492 2680 de
1536 2645 1662 2690 suo,
1715 2644 1786 2680 sc.
1834 2632 2026 2687 Aiaee;
2083 2630 2221 2681 also:
2272 2629 2385 2682 dass

1357 2699 1490 2749 auch
1525 2698 1665 2748 sein
1707 2696 1846 2748 Sohn
1884 2705 1963 2749 tot
1983 2698 2073 2749 sei.
2124 2697 2188 2748 Er
2208 2699 2385 2749 wurde

1356 2765 1449 2818 auf
1492 2764 1582 2817 der
1627 2763 1927 2829 Rfickkehr,
1982 2780 2166 2831 wegen
2220 2768 2387 2818 seiner

1357 2834 1617 2899 gottlosen
1679 2833 1880 2897 Reden,
1939 2833 2073 2885 heim
2135 2834 2384 2886 Sti-auden

1356 2903 1526 2954 seiner
1572 2901 1762 2953 Schiffe
1809 2917 1929 2952 vom
1973 2901 2229 2953 Poseidon
2275 2917 2390 2954 ver·

1357 2970 1577 3030 nichtet;
1617 2985 1660 3021 s.
1697 2970 1842 3022 Hom.
1881 2969 1973 3022 od.
2009 2970 2091 3023 lv.
2116 2973 2217 3024 499
2232 2970 2285 3023 ff.

1430 3041 1512 3090 14.
1535 3041 1615 3087 sic
1638 3038 1855 3100 dicitur,
1892 3040 1943 3089 in
1968 3038 2084 3090 dem
2116 3039 2388 3092 verlornen

1359 3105 1506 3157 Αἴας
1558 3104 1800 3173 Λοκρός,
1854 3107 1983 3157 nach
2038 3106 2183 3160 Stob.
2239 3122 2390 3159 serm.

1365 3177 1463 3227 113
1497 3173 1599 3236 (bei
1639 3174 1819 3227 Nauck
1856 3174 1917 3226 fr.
1954 3177 2072 3239 662,
2109 3192 2161 3242 p.
2197 3177 2341 3231 231):

1440 3242 1566 3293 Τοὺς
1600 3238 1634 3293 ὃ
1645 3238 1657 3258 ’
1689 3231 1756 3294 αὖ
1780 3248 2066 3312 μεγίστους
2094 3246 2187 3293 καὶ
2210 3259 2393 3310 σοφω-

1769 3310 1959 3361 τάτους
1994 3317 2156 3378 φρενί

1441 3373 1623 3428 Τοιοῦε
1657 3371 1713 3428 δ’
1741 3375 1878 3495 'alig
1898 3376 1987 3441 ἅν,
2022 3376 2130 3429 οἷός
2154 3378 2272 3427 ἐστι
2288 3376 2395 3427 νῦν

1771 3465 1801 3496 ⁰
1869 3485 1883 3508 ν

1433 3509 1631 3564 Καλῶς
1676 3514 1855 3564 κακῶς
1900 3509 2210 3582 πράσσοντι
2262 3528 2393 3578 συμ-

1771 3584 2129 3650 παραινέσαι·

1420 3641 1603 3700 ‘'Otew
1620 3644 1682 3699 δὲ
1699 3643 1916 3728 Baium
1931 3644 2128 3716 ἀνδρὸς
2145 3643 2396 3713 εὐτυχοῦς

1772 3736 1837 3768 το
1874 3734 1919 3768 π
1954 3721 2008 3768 ἰν
2367 3736 2370 3741 ·

1435 3778 1682 3853 Mo'ta‘ny'
1711 3785 1887 3854 ἐρείσῃ
1911 3735 2009 3836 ’ἴοῦ
2044 3789 2167 3851 βίου
2203 3780 2398 3836 παλίν-

1775 3870 2001 3921 τρυπον,
