2834 4317
212 919 341 968 ..1:⁶⁶⁴

44 987 119 1020 κ’)...
158 969 199 1010 πμ
273 956 355 1100 ξ

316 1087 327 1130 l

296 1323 299 1326 η
364 1287 450 1340 105
481 1288 883 1342 contemnere.
931 1281 1036 1343 Est
1061 1282 1215 1361 apud
1238 1216 1873 1362 Heraclitufflfffficu

481 170 603 229 156
1337 170 1527 224 LIBER
1565 170 1624 226 V.
1665 174 1745 238 36,
1769 175 1883 226 105.

478 342 725 423 gloriam
756 344 1103 423 popularem
1134 344 1321 423 ipsam
1352 363 1461 424 per
1483 363 1614 406 sese
1646 344 2032 424 expetendam
2066 362 2178 405 nec
2210 343 2649 424 ignobilitatem

481 428 995 491 extimescendam.
1080 422 1258 491 ‘Veni
1297 425 1578 492 Athenas'
1638 429 1833 509 inquit
1877 429 2251 491 Democritus
2300 424 2503 510 ‘neque
2548 449 2645 492 me

481 517 778 595 quisquam
815 514 900 575 ibi
941 509 1262 593 acl-quovit]
1355 514 1734 576 Constantem
1778 515 2083 575 hominem
2131 525 2190 575 et
2233 532 2488 593 gravem,
2536 516 2646 594 qui

480 598 771 677 glorietur
799 617 832 659 a
856 599 1041 677 gloria
1065 618 1129 660 se
1160 599 1407 661 afuissel
1458 600 1548 660 An
1574 600 1850 661 tibicines
1873 599 2053 678 iique,
2086 599 2188 678 qui
2217 600 2433 661 fidibus
2455 609 2648 662 utun-

481 695 597 758 tur,
633 702 761 759 suo,
794 704 916 745 non
949 683 1342 746 multitudinis
1374 685 1618 746 arbitrio
1649 694 1859 745 cantus
1889 703 2290 763 numerosque
2320 687 2645 747 moderan-

477 778 596 844 tur,
621 770 707 830 vir
731 771 991 849 sapienS‚
1014 770 1199 830 multo
1224 782 1350 831 arte
1366 770 1590 831 maiore
1612 770 1929 850 praedituS‚
1964 789 2086 831 non
2103 770 2246 849 quid
2268 771 2648 831 verissimum

479 856 574 928 sit,
604 854 708 916 sed
739 855 882 934 quid
909 854 1047 915 velit
1076 855 1300 933 volgus,
1332 853 1644 935 exquiret?
1703 855 1792 916 An
1827 856 2144 934 quicquam
2172 855 2409 918 stultius
2439 853 2644 935 quani,

484 957 634 1018 quos
665 939 932 1018 singulos
976 940 1130 1001 sicut
1172 941 1475 1020 operarios
1520 940 1922 1019 barbarosque
1969 947 2349 1016 contemnas,
2400 959 2502 1003 eos
2532 941 2648 1001 ali-

485 1023 626 1103 quid
670 1034 882 1104 putare
925 1044 1054 1087 esse
1094 1023 1450 1087 universos?
1508 1025 1610 1108 lue
1653 1044 1794 1086 vero
1838 1035 2073 1087 nostras
2116 1024 2467 1087 ambitiones
2495 1026 2646 1088 levi-

509 1115 601 1169 ate
795 1117 1137 1172 contemnet
1177 1112 1559 1190 honoresque
1604 1111 1811 1191 populi
1858 1112 2033 1172 etiam
2076 1110 2233 1171 ultro
2278 1111 2502 1173 delatos
2542 1129 2646 1172 re-

456 1118 779 1278 W?
823 1215 934 1258 nos
964 1205 1160 1258 autem
1193 1216 1295 1258 eos
1326 1197 1553 1257 nescim
1597 1215 1625 1257 s
1675 1205 1812 1262 ante
1807 1215 1929 1298 aflu
2115 1196 2377 1257 aenitere
2420 1198 2639 1275 coepit,

2001 1300 2033 1341 e
2056 1282 2330 1361 principe
2346 1281 2643 1361 Ephesio-

483 1383 616 1426 rum
650 1366 1050 1441 Hermodor03
1104 1368 1412 1429 universos
1442 1366 1522 1427 ait
1551 1366 1843 1446 Ephesios
1885 1385 2014 1428 esse
2058 1375 2248 1427 morte
2278 1366 2641 1441 multandos,

484 1452 662 1529 quod,
688 1469 825 1511 cum
849 1451 1078 1512 civitate
1102 1451 1470 1532 expellerent
1492 1451 1945 1525 Hermodorum,
1971 1451 2049 1512 ita
2071 1452 2252 1513 locuti
2276 1452 2422 1514 sint:
2457 1452 2642 1514 Nemo

485 1535 553 1596 de
579 1535 746 1597 nobis
773 1554 928 1597 unus
952 1537 1226 1610 eoecellat5
1258 1541 1350 1598 sin
1381 1521 1506 1618 quis
1529 1516 1949 1609 mmm
1979 1542 2044 1598 in
2067 1538 2186 1600 loco
2218 1547 2271 1599 et
2300 1538 2455 1618 apud
2483 1537 2636 1599 alios

484 1669 756 1732 anteferre
801 1671 1231 1735 Demosthenem,
1283 1687 1508 1738 eumque
1609 1674 1693 1735 49,
1722 1673 1819 1724 118
1857 1687 1922 1723 zu
1945 1672 2258 1723 horribilem
2285 1700 2353 1711 —·
2377 1671 2644 1733 faustum.

482 1755 652 1792 unum
670 1739 1073 1789 accommodare
1091 1741 1165 1790 ad
1188 1756 1320 1804 eam,
1347 1756 1508 1804 quam
1679 1740 1892 1805 aliquid
1923 1768 1992 1777 —
2028 1757 2152 1802 esse,
2190 1756 2231 1792 s,
2266 1757 2333 1792 zu
2368 1741 2404 1794 1.
2430 1743 2513 1805 20,
2550 1745 2642 1795 45.

481 1811 724 1866 sentiam,
744 1807 1118 1871 eloquentiam,
1142 1824 1252 1857 non
1278 1808 1350 1858 ad
1372 1824 1505 1869 eam,
1678 1810 1728 1860 9.
1780 1824 1905 1858 vero
1959 1808 2011 1859 in
2078 1808 2166 1859 der
2228 1809 2467 1862 Antwort
2529 1814 2648 1870 ent.-

485 1891 644 1942 quam
681 1878 741 1924 in
777 1876 962 1939 aliquo
997 1877 1111 1941 ipse
1146 1878 1506 1940 cognoverim.

553 1946 601 1996 2.
637 1944 978 1993 Democritus
996 1946 1078 2027 1(ε.
1114 1958 1178 1994 zu
1213 1944 1250 1994 l.
1288 1946 1370 2009 11,
1405 1946 1507 2006 22).

481 2011 628 2076 Diog.
664 2011 717 2062 L.
754 2010 836 2062 lx.
863 2013 954 2063 26:
990 2008 1174 2076 ηλθον
1207 2007 1316 2081 γὰρ
1341 2040 1408 2049 --
1436 2012 1509 2063 εἰς

478 2074 733 2142 Ἀθήνας,
752 2081 844 2129 καὶ
862 2077 1008 2131 οὔτις
1022 2097 1091 2145 με
1107 2080 1366 2147 ἔγνωκεν.
1392 2078 1507 2131 Val.

485 2147 552 2203 Μ.
596 2146 720 2199 Vm.
769 2150 817 2211 7,
863 2152 963 2199 ext.
1013 2150 1074 2199 4:
1132 2148 1509 2213 (Democritus)

483 2217 712 2267 Athenis
745 2216 1106 2281 compluribus
1141 2218 1299 2266 annis
1333 2232 1509 2267 mora-

486 2288 572 2334 tus
594 2312 663 2321 —
685 2286 907 2349 ignotus
923 2285 1010 2335 illi
1032 2286 1157 2334 urbi
1178 2286 1338 2347 vioeit,
1366 2285 1513 2351 quod

484 2356 595 2417 ipse
641 2355 700 2401 in
759 2352 990 2418 quodam
1035 2353 1304 2403 volumine
1353 2358 1510 2403 testa-

485 2424 591 2472 tur.

556 2491 603 2542 3.
639 2487 943 2552 Adgnovit:
981 2487 1231 2539 erkannte
1267 2488 1401 2540 mich
1431 2490 1508 2540 als

489 2556 605 2622 den,
629 2556 717 2607 der
747 2555 831 2606 ich
857 2570 980 2620 war,
1016 2555 1064 2607 d.
1089 2557 1141 2610 h.
1159 2549 1348 2608 ‘lernte
1372 2556 1509 2608 mich

485 2615 726 2687 kennen',
761 2623 822 2674 da
849 2638 904 2674 er
929 2624 1092 2676 selbst
1125 2625 1226 2677 alle
1252 2624 1509 2676 Bekannt-

485 2692 719 2744 sebasten
757 2691 909 2745 mied.
964 2690 1079 2757 Vgl.
1118 2708 1181 2744 zu
1217 2692 1252 2746 1.
1292 2695 1340 2757 8,
1380 2696 1461 2745 15.

557 2761 894 2812 Constantem
930 2761 1194 2812 hominem
1229 2767 1357 2827 cet.,
1400 2762 1513 2813 iro-

483 2829 646 2891 nisch,
672 2828 772 2878 wie
792 2831 882 2878 der
902 2828 1006 2880 blo
1024 2830 1118 2880 [se
1137 2829 1257 2880 Ace.
1283 2830 1353 2880 im
1378 2829 1510 2881 Aus-

484 2895 572 2946 ruf
604 2895 948 2962 gewohnlich.

553 2965 602 3014 4.
632 2963 836 3028 gloria,
872 2964 972 3015 wie
1007 2962 1063 3015 11.
1102 2966 1185 3027 20,
1221 2966 1304 3018 46.

551 3031 641 3081 An
677 3032 922 3081 tibicines
955 3035 1068 3092 cet„
1106 3047 1146 3083 s,
1171 3031 1205 3084 1.
1248 3036 1326 3098 14,
1352 3035 1413 3087 31
1443 3048 1510 3086 zu

484 3099 636 3164 Ergo
675 3100 894 3149 arbores
937 3104 1089 3152 seret.

553 3169 600 3220 6.
626 3166 793 3217 multo
819 3170 938 3218 arte
960 3172 1178 3220 maiore.
1234 3168 1358 3220 Was
1377 3168 1509 3220 wird

482 3235 639 3288 durch
677 3234 819 3286 diese
848 3233 1224 3304 Wortstellung
1247 3236 1507 3288 bewirkt‘?

483 3303 599 3370 Vgl.
625 3304 731 3355 Cat.
757 3301 824 3355 M.
856 3307 934 3367 15,
958 3305 1050 3357 53:
1074 3304 1143 3367 fit
1162 3306 1331 3357 multo
1358 3310 1509 3357 terra

480 3372 789 3435 fecundior-3
813 3370 878 3424 ad
887 3373 994 3424 Att.
1009 3371 1110 3424 Vll.
1125 3376 1205 3437 16,
1221 3376 1251 3426 2
1272 3395 1282 3425 ε
1305 3373 1510 3425 Gnaeus

480 3445 661 3492 noster
712 3440 882 3492 multo
935 3443 1107 3490 animi
1149 3442 1279 3507 plus
1325 3443 1506 3504 haben

482 3509 614 3561 oben
651 3511 735 3573 30,
772 3511 863 3562 85:
897 3507 1067 3560 multo
1105 3539 1171 3547 --
1204 3525 1370 3561 secus.

492 3630 514 3641 „
549 3581 597 3628 7.
645 3577 734 3628 An
760 3580 1070 3643 „quicquam
1130 3579 1345 3628 stultius
1406 3582 1506 3629 cet.

481 3644 731 3697 Ahnliche
748 3646 1108 3711 Aufserungen
1136 3661 1235 3697 von
1259 3645 1506 3697 Sokrates

480 3713 754 3764 erwiihnen
791 3712 918 3767 Xen.
955 3711 1165 3767 Memor.
1201 3714 1277 3766 ΙΙΙ.
1320 3716 1366 3780 8,
1399 3715 1431 3765 6
1455 3730 1507 3765 u.

479 3778 625 3845 Diog.
662 3779 714 3832 L.
751 3780 806 3833 11.
846 3783 926 3834 34.

551 3850 598 3900 8.
645 3850 889 3913 singulos
935 3878 1001 3888 —
1036 3852 1338 3914 universos,
1379 3865 1419 3901 s·
1467 3849 1504 3902 1.

1611 1875 1806 1943 spricht
1825 1875 1903 1926 ol't
1917 1890 2151 1927 unserem
2172 1877 2274 1929 vie
2288 1876 2306 1927 l
2318 1892 2369 1928 m
2384 1892 2412 1929 e
2425 1876 2458 1927 h
2473 1892 2496 1927 r
2515 1877 2647 1930 oder

1612 1944 1759 1995 nein
1796 1966 1864 1987 =
1897 1946 2060 1995 immo
2094 1960 2238 1996 vero.
2294 1944 2345 1997 S.
2383 1960 2443 1996 zu
2474 1943 2510 1995 1.
2551 1948 2637 2009 11,

1617 2013 1699 2063 25.
1737 2040 1802 2048 —
1827 2014 2223 2078 ambitionibus,
2248 2013 2420 2064 wiell.
2442 2014 2523 2078 26,
2544 2015 2641 2077 623

1613 2081 1876 2131 levitatesz
1913 2079 2518 2147 Charakterlosigkeiten.

1684 2151 1763 2201 11.
1820 2163 1919 2198 nos
1972 2153 2151 2199 autem
2198 2154 2295 2201 cet.
2367 2148 2649 2201 Charakte-

1610 2215 1814 2268 ristisch
1872 2215 1953 2267 fiir
1999 2215 2203 2269 Ciceros
2240 2218 2438 2284 jetzige
2488 2215 2650 2269 Stim-

1612 2298 1785 2348 mung.

1687 2354 1766 2404 12.
1803 2351 1902 2401 Est
1933 2374 2002 2394 =
2038 2355 2297 2418 scriptum
2333 2357 2414 2403 est
2459 2353 2649 2418 gehort

1615 2419 1707 2470 mit
1726 2420 1790 2469 de
1808 2420 2135 2471 Hermodoro
2157 2435 2475 2481 zusammem
2504 2421 2646 2474 also:

1604 2479 1686 2539 ‘es
1711 2486 1872 2539 findet
1905 2488 2015 2538 sich
2052 2488 2165 2539 eine
2190 2476 2479 2555 Russerung
2514 2489 2649 2542 iiber

1617 2549 1994 2607 HermodoruS.²
2141 2557 2172 2596 0

1691 2623 1995 2674 Heraclitus
2017 2638 2119 2674 von
2144 2623 2393 2689 Ephesus,
2429 2640 2514 2676 um
2540 2628 2646 2678 500

1613 2707 1665 2773 Y·
1703 2691 1834 2754 Chr„
1884 2691 1967 2773 bei
2017 2690 2260 2757 Spateren
2311 2693 2646 2758 gewohnltch

1611 2762 2646 2895 stuttgart&{lrsstfssassssssssaz‘g

1612 2894 1772 2947 Werk
1820 2896 1947 2965 περὶ
1992 2892 2219 2963 φύσεως,
2256 2896 2419 2947 worin
2456 2912 2514 2949 er
2549 2896 2646 2950 das

1612 2963 1776 3015 Feuer
1810 2964 1887 3014 als
1923 2962 2127 3030 Prinzip
2175 2964 2265 3015 des
2296 2961 2499 3016 ‘Lebens
2533 2966 2647 3017 und

1610 3031 1850 3083 Denkens
1861 3030 2143 3083 aurstellte.
2155 3060 2223 3070 —
2236 3031 2309 3083 lm
2323 3031 2646 3085 Politischen

1612 3115 1721 3151 war
1790 3115 1844 3150 er
1909 3100 2297 3151 entschiedener
2347 3100 2644 3154 Aristokrat

1611 3167 1777 3232 (Diog.
1816 3166 1868 3219 L.
1906 3166 1990 3218 IX.
2027 3168 2085 3219 6:
2122 3163 2526 3238 ὀχλολοίδορος).

1688 3238 1767 3289 13.
1806 3235 2169 3287 Hermodorus
2192 3235 2290 3288 soll
2319 3235 2470 3298 daun,
2496 3237 2645 3290 einer

1612 3302 1881 3355 Tradition
1905 3302 2129 3370 zusolge,
2167 3304 2295 3355 nach
2333 3303 2514 3356 Italien
2552 3321 2644 3371 ge-

1615 3371 1856 3423 kommen
1893 3372 2003 3423 sein
2039 3371 2142 3423 und
2175 3371 2273 3423 den
2299 3370 2521 3424 Romern
2557 3372 2645 3425 die

1611 3440 1727 3492 ldee
1764 3456 1829 3491 zu
1861 3438 1960 3491 den
1985 3438 2523 3506 Zwolftaselgesetzen
2547 3455 2641 3506 ge-

1611 3509 1777 3574 geben
1817 3507 2001 3559 haben.

1684 3579 1763 3628 14.
1798 3574 1966 3627 Nemo
2009 3575 2073 3625 de
2115 3576 2268 3625 nobis
2313 3580 2409 3627 cet.
2482 3574 2631 3628 Nach

1609 3642 1755 3708 Diog.
1805 3644 1858 3697 L.
1904 3643 1987 3696 lX.
2027 3644 2082 3694 2:
2126 3638 2199 3694 ‘H
2231 3645 2341 3694 ε’ων
2383 3639 2522 3709 μηδὲ
2556 3641 2633 3697 εἷς

1610 3709 1671 3763 ὃν
1691 3710 1857 3763 ’ϊστοε
1880 3714 2051 3765 ἔστω·
2087 3710 2135 3762 εἰ
2204 3713 2234 3761 ὁ
2267 3727 2350 3763 τις
2373 3711 2635 3777 τοιοῦτος,

1608 3776 1677 3831 ἄλ
1709 3798 1742 3851 ῃ
1778 3798 1841 3831 τε
1874 3782 1966 3830 καὶ
1999 3774 2126 3838 μετ’
2166 3774 2366 3831 ἄλλων.

1682 3852 1760 3902 15.
1795 3863 1952 3913 unus,
1992 3863 2035 3899 s·
2072 3863 2134 3899 zu
2174 3847 2227 3899 11.
2271 3849 2351 3912 18,
2384 3850 2465 3901 43.

2699 1122 2796 1174 16Ἰ

2691 1548 2755 1600 15

2769 3683 2797 3862 ,ἢ

2791 3873 2797 3920 1
