2834 4317
990 209 1180 262 LIBER
1213 209 1296 263 iv,
1333 215 1414 277 37,
1437 215 1521 265 79.
1542 215 1621 267 80.
2249 214 2369 274 101

231 381 337 460 qui
367 399 504 442 cum
545 381 716 442 vilico
748 382 938 444 factus
978 392 1133 445 esset
1160 383 1393 445 iratior:
1437 377 1596 457 ‘Quo
1629 397 1681 447 te
1707 375 1905 448 modo³
1972 387 2166 466 inquit
2203 379 2384 451 ‘acce-

223 470 456 548 passam,
485 470 607 528 nisi
631 471 819 528 iratus
847 486 1017 529 essem
1033 458 1087 529 P‘

402 552 515 612 Ubi
546 560 687 613 sunt
718 570 859 631 ergo
889 552 1016 626 isti,
1063 553 1165 632 qui
1195 553 1562 615 iracundiam
1590 555 1797 617 utilem
1838 555 2047 618 dicunt
2073 591 2157 602 --
2187 566 2385 637 potest

230 637 393 698 utilis
416 655 543 698 esse
566 634 842 698 insania?
872 671 958 683 -
979 647 1078 699 aut
1101 636 1476 700 naturalem?
1498 638 1589 700 An
1612 641 1927 720 quicquam
1948 650 2038 703 est
2058 642 2389 704 secundum

145 734 178 783 5
229 730 534 796 naturam,
593 721 755 801 quod
798 723 861 783 fit
903 730 1279 804 repugnante
1320 722 1595 785 ratione?
1654 744 1771 804 quo
1821 728 1996 787 modo
2052 735 2282 802 autem,
2339 729 2389 790 si

232 807 519 868 naturalis
550 816 703 869 esset
730 808 837 881 ira,
869 818 972 869 aut
993 808 1140 870 alius
1160 808 1272 869 alio
1295 809 1483 888 magis
1505 809 1827 873 iracundus
1857 820 2041 887 esset,
2086 822 2187 873 aut
2208 813 2390 874 finem

229 892 477 953 haberet
505 893 704 972 prius,
735 911 910 971 quam
943 902 1095 955 esset
1125 894 1263 970 ulta,
1295 894 1617 956 ulciscendi
1645 894 1860 970 libido,
1899 905 2001 958 aut
2030 916 2389 976 quemquam

230 976 586 1057 paeniteret,
631 977 790 1057 quod
820 978 1058 1039 fecisset
1093 997 1200 1058 per
1229 976 1422 1040 iram?
1478 987 1547 1040 ut
1574 979 1968 1042 Alexandrum
1998 1001 2199 1063 regem
2230 982 2391 1044 vide-

231 1080 401 1135 mus,
446 1063 548 1141 qui
591 1081 728 1124 cum
771 1063 1169 1125 interemisset
1212 1063 1427 1125 Clitum
1470 1066 1814 1127 familiarem
1858 1085 2064 1138 suum,
2118 1068 2211 1128 vix
2252 1086 2284 1128 a
2327 1088 2391 1131 se

2417 519 2487 577 3¹2

2428 601 2487 652 79

15 1160 18 1182 ’ἱ
122 1158 185 1211 10
231 1165 447 1208 manus
478 1146 793 1224 abstinuit3
824 1155 986 1208 tanta
1014 1148 1100 1210 vis
1135 1149 1249 1210 fuit
1275 1150 1637 1229 paenitendi.
1699 1150 1928 1222 Quibus
1974 1152 2229 1232 cognitis
2259 1154 2391 1231 quis

234 1241 326 1293 est
356 1233 458 1311 qui
488 1232 732 1307 dubitet,
766 1232 911 1312 quin
941 1233 1039 1294 hic
1071 1252 1308 1313 quoque
1337 1243 1535 1297 motus
1563 1235 1744 1296 animi
1774 1237 1849 1297 sit
1877 1244 2037 1299 totus
2077 1237 2392 1317 opinabilis

233 1335 304 1377 ac
336 1315 748 1379 voluntarius?
809 1312 978 1401 [Quis
1023 1319 1182 1380 enim
1212 1318 1498 1381 dubitarit
1537 1320 1680 1399 quin
1724 1322 2159 1399 aegrotationes
2189 1324 2388 1396 animi,

235 1402 425 1481 qualis
455 1411 542 1464 est
572 1402 829 1475 avaritia,
861 1403 1083 1482 gloriae
1117 1404 1423 1483 cupiditas,
1457 1423 1529 1465 ex
1558 1424 1648 1480 eo,
1681 1406 1841 1484 quod
1869 1407 2068 1487 magni
2097 1415 2392 1469 aestume-
2475 1403 2480 1436 ²

15 1534 16 1547 ,
233 1497 336 1548 tur
375 1505 442 1547 ea
485 1505 612 1563 res,
659 1506 730 1548 ex
777 1506 892 1567 qua
937 1488 1168 1550 animus
1211 1498 1507 1569 aegrotat,
1554 1489 1862 1552 oriantur?
1914 1492 2083 1553 Unde
2126 1492 2392 1573 intellegi
2475 1513 2482 1520 ’

15 1642 16 1649 ¹
122 1585 182 1636 15
231 1572 413 1633 debet
458 1573 969 1651 perturbationem
1009 1592 1247 1653 quoque
1292 1593 1530 1635 omnem
1574 1594 1702 1637 esse
1746 1576 1805 1636 in
1853 1577 2155 1656 opinione.
2228 1577 2304 1639 Et
2343 1576 2393 1639 si
2436 1587 2495 1638 80

233 1656 500 1731 fidentia,
525 1658 583 1718 id
609 1666 698 1719 est
720 1660 888 1718 firma
912 1658 1093 1720 animi
1117 1660 1382 1736 confisio,
1416 1660 1662 1722 scientia
1685 1663 1970 1740 quaedam
1993 1669 2082 1724 est
2105 1670 2163 1723 et
2187 1659 2391 1742 opinio

234 1743 430 1823 gravis
490 1762 613 1803 non
671 1753 895 1805 temere
953 1743 1370 1821 adsentientis,
1430 1754 1623 1807 metus
1680 1764 1917 1826 quoque
1976 1756 2066 1809 est
2120 1747 2391 1809 diffiden-

232 1829 315 1889 tia
339 1828 655 1907 exspectati
677 1836 737 1889 et
764 1826 1165 1908 impendentis
1189 1830 1342 1905 mali,
1376 1838 1452 1904 et,
1484 1829 1533 1892 si
1557 1849 1692 1910 spes
1724 1840 1814 1893 est
1837 1833 2197 1912 exspectatio
2228 1833 2391 1908 boni,

233 1912 374 1973 mali
416 1914 915 1994 exspectationem
959 1933 1088 1975 esse
1133 1933 1378 1977 necesse
1422 1924 1511 1977 est
1550 1925 1793 1977 metum.
1854 1917 1931 1978 Ut
1971 1917 2152 1996 igitur
2179 1927 2392 1993 metus,

15 2000 16 2005 ’
125 2010 186 2063 20
232 1999 322 2060 sic
365 1998 627 2076 reliquae
670 1998 1149 2078 perturbationes
1190 2009 1333 2062 sunt
1373 2001 1435 2062 in
1480 2001 1657 2062 malo.
1739 2001 1899 2082 Ergo
1944 2011 2012 2064 ut
2061 2004 2394 2065 constantia

233 2085 535 2157 scientiae,
566 2084 650 2145 sic
675 2084 1042 2163 perturbatio
1075 2085 1296 2147 erroris
1326 2082 1461 2168 est.]
1513 2086 1629 2157 Qui
1652 2097 1850 2147 autem
1876 2095 2084 2149 natura
2113 2088 2395 2149 dicuntur

234 2168 507 2230 iracundi
538 2177 638 2230 aut
665 2169 1078 2231 misericordes
1120 2178 1220 2230 aut
1248 2170 1430 2232 invidi
1470 2179 1571 2232 aut
1600 2171 1714 2232 tale
1759 2172 1935 2250 quid,
1981 2174 2033 2233 ei
2063 2180 2205 2233 sunt
2246 2191 2392 2233 con-

233 2252 424 2316 stituti
457 2241 624 2332 quasi
654 2254 799 2315 mala
831 2255 1164 2316 valetudine
1194 2256 1410 2331 animi,
1442 2255 1734 2317 sanabiles
1765 2264 1982 2333 tamen,
2019 2265 2087 2319 ut
2116 2258 2392 2320 Socrates

229 2387 466 2439 solidum
486 2403 619 2454 opus
641 2388 922 2440 doctrinae
941 2388 1265 2455 complexus,
1370 2390 1504 2454 tiae,
1549 2388 1776 2442 welches
1812 2389 1987 2443 Subst.
2026 2394 2129 2443 erst
2163 2391 2249 2443 bei
2285 2392 2391 2445 Liv.

222 2460 514 2522 postquam
565 2459 626 2507 in
675 2459 921 2522 patriam
972 2460 1265 2508 revertitur
1366 2455 1674 2509 vorkommt.

231 2540 302 2576 ac
336 2540 471 2575 rura
512 2541 613 2575 sua
646 2528 879 2576 revisere
914 2529 1109 2591 eoepit,
1145 2529 1263 2576 ani·
1440 2527 1518 2577 12.
1556 2527 1699 2576 enim
1735 2525 1874 2576 ware
1903 2540 1998 2576 nur
2031 2524 2165 2578 daun
2189 2526 2391 2593 richtig,

230 2593 526 2644 madvertit
568 2593 904 2658 neglegentia
956 2595 1107 2645 vilici
1146 2610 1262 2645 cor·
1363 2607 1516 2644 wenn
1541 2592 1631 2645 der
1652 2591 1893 2645 Gedanke
1919 2593 2099 2660 folgte,
2125 2593 2237 2646 dass
2261 2594 2391 2646 alle

229 2665 397 2726 rupta
430 2663 482 2711 et
498 2661 736 2727 perdita,
771 2664 1088 2728 intuensque
1123 2663 1262 2713 male
1364 2659 1570 2713 Affekte
1608 2663 1900 2726 opinabiles
1947 2661 2052 2713 und
2093 2662 2394 2714 voluntarii

227 2731 508 2779 meritum:
554 2728 926 2796 Sumpsi-mem,
971 2732 1175 2796 inquit,
1226 2747 1259 2780 a
1363 2728 1521 2781 seien.
1591 2729 1729 2781 Aber
1775 2728 1859 2781 die
1904 2729 2391 2794 eingeklammerten

230 2801 285 2846 te
319 2796 657 2862 supplicium,
695 2800 805 2847 nisi
841 2799 941 2847 tibi
971 2801 1150 2849 iratus
1185 2815 1261 2849 es·
1369 2795 1522 2849 Sfitze
1557 2797 1933 2849 unterbrechen
1967 2797 2257 2866 uberhaupt
2291 2798 2391 2852 den

227 2880 340 2915 sem
350 2882 373 2927 ;
417 2866 615 2916 maluit
649 2868 790 2916 enim
822 2868 1145 2931 impunitum
1181 2867 1262 2917 di-
1365 2863 1809 2932 zusammenbang
1830 2866 1883 2916 in
1903 2865 2067 2932 vollig
2086 2868 2391 2934 ungerecht-

230 2934 459 2997 mittere,
510 2948 670 2998 quam
702 2938 924 2999 propter
957 2936 1099 2985 iram
1128 2948 1262 2999 gra·
1365 2931 1599 2999 fertigter
1623 2933 1813 2986 Weise.
1873 2932 1925 2986 S.
1959 2933 2007 2987 d.
2033 2933 2152 2988 krit.
2177 2935 2309 2987 Anb.

230 3002 353 3051 vius
390 3003 527 3051 iusto
556 3004 774 3066 punire.
819 3000 934 3068 Vgl.
960 3001 1023 3053 de
1042 3017 1095 3053 re
1116 3002 1258 3070 publ.
1440 3004 1518 3055 15.
1550 3004 2010 3069 perturbationem
2046 3017 2254 3070 quoque
2291 3007 2390 3057 cet.

229 3068 266 3121 Ι.
307 3069 390 3134 38,
427 3070 508 3122 59.
565 3068 768 3121 Andere
808 3069 960 3135 legen
997 3069 1095 3121 den
1130 3068 1261 3122 Aus-
1362 3071 1503 3121 ware
1530 3070 1820 3137 ertraglich‚
1847 3085 1999 3122 wenn
2019 3070 2108 3123 der
2131 3070 2251 3123 Satz
2275 3087 2392 3123 vor-

231 3136 421 3202 spruch
440 3136 556 3188 dem
576 3136 821 3190 Solu-ates
840 3138 963 3190 oder
983 3136 1133 3190 Plato
1159 3138 1260 3192 bei.
1361 3137 1608 3204 herginge
1624 3176 1638 3203 ‚
1694 3137 1805 3190 dass
1860 3138 1942 3191 die
1995 3142 2392 3205 aegrotationes

307 3207 351 3256 1.
387 3209 718 3271 accepissem,
747 3206 845 3257 wie
869 3205 924 3258 11.
954 3209 1034 3271 14,
1060 3208 1150 3268 34;
1184 3205 1259 3257 fa·
1362 3210 1534 3256 animi
1568 3221 1660 3257 aus
1686 3205 1784 3259 den
1804 3209 2240 3274 perturbationes
2273 3208 2388 3259 her-

228 3271 416 3337 miliar‚
436 3272 592 3325 daher
609 3274 718 3325 bes.
741 3273 824 3325 bei
845 3273 941 3326 den
962 3273 1257 3327 Komikern.
1360 3273 1641 3339 vorgehen.

301 3341 348 3393 3.
381 3339 476 3393 Ubi
496 3347 625 3393 sunt
649 3346 748 3395 cet.
797 3340 905 3393 Wir
929 3356 1112 3408 sagen:
1135 3338 1256 3395 ‘Wo
1432 3344 1513 3395 16.
1558 3342 1811 3407 fidentia,
1856 3342 2023 3393 wosi'ir
2058 3342 2189 3393 nach
2227 3343 2287 3406 6,
2327 3343 2387 3395 13

228 3407 437 3461 bleiben
473 3401 614 3461 sie?’
660 3408 772 3476 Vgl.
798 3409 861 3462 de
888 3425 958 3463 or.
983 3410 1039 3462 11.
1067 3413 1148 3476 14,
1173 3413 1255 3463 59.
1361 3413 1543 3462 cautio
1589 3426 1655 3463 zu
1703 3414 1952 3461 erwarten
2005 3423 2135 3472 war,
2190 3408 2390 3461 kommt

301 3478 346 3530 8.
391 3482 456 3528 ut
486 3478 862 3529 Alexandrum
896 3478 1147 3544 videmus,
1183 3492 1254 3531 sc.
1359 3493 1456 3529 nur
1492 3478 1625 3529 noch
1663 3478 1726 3530 de
1760 3478 1864 3528 inv,
1901 3477 1958 3528 11.
1996 3478 2079 3540 54,
2114 3478 2227 3541 163,
2266 3492 2389 3528 con-

223 3547 570 3611 paenituisse.
631 3545 885 3599 Videmus
920 3546 1021 3599 wie
1060 3549 1141 3612 22,
1171 3549 1254 3599 50.
1356 3545 1480 3611 Esio
1532 3560 1628 3598 nur
1682 3561 1745 3598 an
1799 3559 2009 3597 unserer
2058 3544 2220 3597 Stelle
2277 3560 2387 3597 vor.

300 3616 348 3666 9.
387 3629 506 3665 eum
543 3616 894 3666 interemisset
925 3614 1135 3679 Clitum,
1170 3614 1254 3666 bei
1368 3612 1617 3680 Ubrigens
1650 3612 1719 3665 ist
1744 3612 1832 3664 der
1856 3627 2017 3679 ganze
2043 3611 2388 3682 Syllogismus

229 3681 396 3733 einem
445 3677 790 3748 Trinkgelage
836 3683 890 3733 in
936 3680 1257 3747 Maracanda,
1361 3681 1796 3734 unverstandlicb.
1874 3736 1895 3747 „

227 3749 297 3800 im
324 3748 524 3801 Winter
546 3752 708 3803 329-—
720 3752 834 3803 328.
871 3750 1067 3803 Arrian.
1092 3750 1175 3802 lv.
1198 3752 1254 3811 8;
1419 3753 1503 3804 20.
1518 3752 1840 3801 constantia.
1863 3748 2000 3801 Uber
2010 3747 2395 3815 diesenBegriff

227 3815 553 3871 PlutAl.5o.
576 3822 665 3879 513
693 3817 1256 3883 Gurt.V111.1,3-2,1.
1359 3817 1444 3869 bei
1472 3818 1569 3870 den
1597 3816 1834 3869 Stoikern
1869 3832 1910 3869 S.
1937 3817 2070 3869 oben
2096 3818 2143 3882 6,
2171 3819 2387 3871 12—14.

202 3931 210 3939 .
302 3889 380 3939 10.
425 3888 761 3953 paenitendi,
809 3885 952 3939 nicht
978 3891 1256 3953 paeniten-
1418 3887 1500 3939 23.
1537 3885 1680 3937 mala
1715 3885 2032 3953 valetudine,
2069 3900 2110 3937 S.
2138 3887 2218 3951 12,
2246 3887 2309 3937 27
2331 3883 2386 3937 ff.
