2834 4317
1022 193 1211 246 usna
1243 193 1321 247 111.
1357 196 1614 261 9,19.2o.
2318 193 2397 253 15

419 364 629 445 Itaque
673 385 796 427 non
842 366 1054 429 inscite
1100 366 1479 429 Heracleotes
1523 366 1839 446 Dionysius
1881 366 1953 427 ad
2006 384 2075 427 ea
2118 365 2394 444 disputat,
2431 369 2471 425 9

248 469 399 531 quae
428 450 588 529 apud
619 450 944 512 Homerum
974 451 1229 513 Achilles
1258 452 1546 531 queritur,
1576 451 1709 526 hoc,
1739 460 1807 512 ut
1835 451 2072 532 opinor,
2103 451 2309 512 modo:

425 534 646 616 Corque
673 555 866 599 meum
892 540 1119 617 penitus
1147 540 1418 616 turqeseit
1447 536 1709 598 tristibus
1737 539 1844 597 irie
1858 583 1875 609 ‚

433 619 577 682 Cum
607 621 801 683 decore
827 630 996 702 atque
1024 625 1191 683 omni
1214 640 1304 682 me
1331 622 1595 684 orbatum
1618 620 1787 683 laude
1805 622 2090 683 recordor.

170 716 200 767 5
240 706 397 768 Num
424 724 639 768 manus
667 708 893 767 adfecta
922 716 1084 768 recte
1122 716 1229 782 est,
1265 725 1400 768 cum
1430 708 1492 768 in
1524 715 1759 768 tumore
1788 715 1895 779 est,
1933 715 2034 766 aut
2064 723 2207 766 num
2236 703 2396 765 aliud
2439 713 2500 768 19

247 791 567 870 quodpiam
597 791 930 853 membrum
958 792 1250 854 tumidum
1278 784 1347 853 ac
1376 792 1679 871 turgidum
1702 810 1826 853 non
1858 791 2062 852 vitiose
2083 808 2147 851 se
2175 787 2398 850 babet?

247 875 347 937 Sic
378 876 560 954 igitur
587 876 826 938 inflatus
848 887 909 938 et
935 886 1173 939 tumens
1193 877 1428 939 animus
1449 877 1512 938 in
1536 877 1675 938 vitio
1706 886 1815 938 est.
1874 874 2173 956 Sapientis
2199 883 2399 959 autem

247 960 482 1023 animus
510 979 748 1042 semper
768 972 933 1023 vacat
954 962 1113 1038 vitio,
1144 981 1471 1043 numquam
1491 961 1796 1040 turgescit,
1826 979 2154 1040 numquam
2173 967 2396 1032 tumet;

245 1054 306 1106 at
334 1046 517 1108 iratus
545 1046 780 1108 animus
802 1047 930 1110 eius
958 1047 1116 1108 modi
1139 1058 1257 1123 est;
1290 1065 1617 1126 numquam
1636 1046 1815 1125 igitur
1835 1045 2072 1127 sapiens
2101 1044 2395 1106 irascitur.

142 1138 202 1192 10
243 1131 391 1192 Nam
421 1131 469 1192 si
498 1130 792 1207 irascitur,
831 1133 1006 1193 etiam
1036 1132 1433 1212 concupiscit3
1476 1131 1788 1213 proprium
1819 1140 1910 1193 est
1937 1130 2098 1192 enim
2126 1129 2260 1190 irati
2290 1148 2396 1191 cu-

245 1234 410 1295 pere,
440 1234 473 1275 a
503 1234 623 1294 quo
652 1216 845 1278 laesus
874 1217 1157 1293 videatur,
1195 1219 1250 1279 ei
1280 1235 1455 1297 quam
1488 1217 1808 1277 maximum
1837 1215 2104 1285 dolorem
2132 1213 2393 1275 inurere.

247 1300 363 1371 Qui
393 1309 587 1361 autem
630 1301 687 1362 id
718 1302 1122 1382 concupierit,
1153 1321 1290 1363 eum
1320 1321 1567 1365 necesse
1595 1309 1701 1376 est,
1746 1300 1794 1361 si
1826 1300 1883 1361 id
1914 1308 2269 1361 consecutus
2298 1298 2393 1372 sit,

247 1402 464 1463 magno
499 1403 681 1466 opere
707 1385 944 1461 laetari,
991 1405 1063 1448 ex
1094 1406 1212 1467 quo
1242 1388 1328 1463 fit,
1373 1396 1441 1448 ut
1468 1387 1663 1448 alieno
1707 1386 1861 1446 malo
1891 1385 2160 1465 gaudeat.
2219 1382 2395 1454 Quod

247 1470 530 1549 quoniam
559 1489 684 1532 non
716 1472 871 1533 cadit
912 1472 974 1533 in
1006 1472 1373 1551 sapientem,
1418 1491 1497 1533 ne
1527 1481 1596 1533 ut
1622 1471 1909 1532 irascatur
1951 1468 2189 1549 quidem
2218 1467 2391 1528 cadit.

141 1564 200 1616 15
244 1555 350 1616 Sin
381 1566 580 1616 autem
609 1557 849 1617 caderet
875 1557 937 1617 in
968 1557 1299 1637 sapientem
1324 1556 1652 1636 aegritudo,
1683 1556 1922 1617 caderet
1950 1553 2122 1615 etiam
2154 1553 2393 1615 iracun-

242 1640 368 1715 dia;
414 1658 528 1719 qua
558 1641 843 1718 quoniam
869 1652 1067 1717 vacat,
1112 1642 1479 1722 aegritudine
1517 1641 1693 1703 etiam
1727 1640 1970 1702 vacabit.
2029 1638 2295 1711 Etenim,
2340 1637 2389 1699 si

242 1726 481 1804 sapiens
508 1725 570 1786 in
602 1727 1034 1805 aegritudinem
1062 1727 1325 1789 incidere
1353 1736 1584 1807 posset,
1630 1734 1833 1805 posset
1862 1724 2036 1786 etiam
2067 1724 2128 1784 in
2159 1722 2390 1785 miseri-

243 1809 523 1884 cordiam,
553 1820 758 1889 posset
778 1811 838 1873 in
861 1811 1262 1874 invidentiam.
1315 1813 1448 1874 Non
1481 1811 1600 1872 dixi
1624 1811 1925 1885 invidiam,
1958 1828 2107 1889 quae
2127 1818 2257 1870 tum
2280 1817 2390 1882 est,

317 1962 362 2011 1.
408 1960 732 2027 Dionysius,
772 1976 813 2013 s.
861 1976 926 2013 zu
957 1961 1015 2015 11.
1051 1963 1135 2029 25,
1171 1964 1266 2025 60;

243 2026 370 2079 iiber
405 2029 480 2080 ad
510 2045 573 2079 ea
606 2027 643 2080 1.
680 2031 729 2091 4,
765 2031 812 2080 7.

327 2097 374 2148 2.
441 2098 591 2162 apud
639 2094 955 2163 Homerum.)
1007 2096 1125 2149 Ilias
1181 2095 1263 2150 lx,

246 2165 346 2215 646
380 2179 484 2231 sq.z

242 2226 381 2284 ἀλλά
425 2249 521 2298 μοι
554 2226 839 2313 videbarque
873 2227 1067 2302 κραδίη
1100 2228 1265 2301 χόλῳ,

1442 1965 1521 2015 11.
1556 1962 1823 2027 videatur,
1858 1961 2014 2013 niiml.
2044 1962 2153 2011 eibi
2185 1958 2393 2024 (dessen

1366 2028 1689 2096 Auslassung
1732 2030 1855 2082 aber
1898 2029 1969 2080 im
2005 2027 2291 2094 Gegensatz
2327 2041 2392 2078 zu

1368 2096 1486 2149 dem
1513 2095 1661 2150 Pron.
1699 2096 1789 2149 der
1821 2100 1867 2150 1.
1892 2095 2033 2148 Pers·
2068 2096 2187 2148 sehr
2221 2094 2390 2146 selten

1366 2165 1484 2230 ist);
1522 2166 1760 2217 dolorem
1796 2168 2018 2216 inurere
2050 2189 2117 2209 ==
2152 2164 2391 2214 dolorem

1364 2234 1633 2285 inurendo
1668 2238 1926 2296 eaecc'tare,
1960 2232 2064 2298 vgl.
2100 2231 2154 2282 in
2189 2230 2297 2282 Cat.
2331 2229 2387 2283 11.

650 2294 859 2353 οπποτ’
900 2303 1126 2351 ἐκείνων

237 2362 544 2434 μνήσομαι,
603 2362 678 2419 ὥς
725 2361 790 2433 μ’
853 2362 1136 2436 ἀσύφηλον
1199 2369 1262 2421 ἐν

646 2430 969 2504 Ἀργείοισιν
1001 2434 1185 2505 ἔρεξεν

233 2495 524 2571 Ἀτρείδης,
560 2497 696 2554 nicet
725 2498 841 2584 τιν’
868 2499 1138 2570 ἀτίμητον
1168 2522 1261 2571 με·

649 2587 949 2638 ταναστην.

307 2639 437 2701 Ιιοο,
488 2643 553 2688 ut
591 2640 809 2703 opinor,
858 2641 1018 2692 modo
1053 2642 1141 2705 (=
1176 2642 1262 2691 Itis

237 2702 357 2765 fere
400 2707 594 2770 verbis)
637 2704 817 2759 deutet
861 2724 954 2774 an,
1006 2708 1120 2760 dats
1155 2708 1260 2761 Cic.

236 2772 263 2824 ἰ
270 2788 295 2824 ι·
307 2773 364 2824 ei
400 2772 662 2825 ubersetzt
695 2774 798 2826 hat.

310 2842 358 2894 3.
408 2843 651 2892 metibus
683 2843 804 2908 iris,
837 2857 879 2896 s,
914 2843 969 2896 11.
1008 2846 1058 2908 8,
1093 2845 1158 2896 20
1195 2859 1260 2895 zu

239 2911 414 2961 tristis
444 2910 531 2961 Eu
602 2911 796 2963 stheus.

309 2976 358 3030 62
397 2979 548 3043 turgt
584 2993 677 3028 um
699 2970 1032 3044 ‘gedunsen';
1070 2981 1262 3031 vitiose

236 3061 291 3096 se
326 3047 507 3109 habet,
556 3060 616 3097 so
665 3045 765 3098 wie
810 3046 941 3098 auch
984 3062 1041 3098 se
1067 3063 1263 3113 gerere

237 3128 335 3166 nur
357 3113 451 3165 mit
485 3112 602 3164 dem
625 3112 758 3166 Adv.
793 3114 1090 3166 verbunden
1117 3115 1261 3168 wird.

311 3184 358 3233 7.
404 3185 466 3231 in
503 3183 635 3232 vitio
684 3186 763 3232 est
793 3207 862 3227 =
894 3184 1121 3234 vitiosus
1168 3189 1263 3236 est.

243 3248 359 3315 Vgi.
383 3247 468 3305 IV.
494 3250 543 3313 8,
575 3251 634 3300 17
655 3268 667 3300 :
700 3253 766 3299 ut
787 3254 839 3300 et
859 3253 921 3301 in
945 3251 1103 3302 laude
1129 3255 1181 3301 et
1202 3256 1263 3302 in

237 3317 373 3368 vitio
409 3332 602 3367 nomen
637 3318 738 3368 hoe
769 3320 856 3373 sit.
911 3318 1036 3371 lbid.
1058 3321 1142 3383 37,
1166 3322 1259 3373 79:

228 3386 699 3452 perturbationem
720 3414 787 3422 —
807 3402 916 3437 esse
931 3388 992 3437 in
1010 3389 1264 3453 opinione

239 3476 305 3496 —
344 3455 638 3519 opinatam.
700 3451 769 3505 So
803 3454 934 3506 auch
968 3454 1038 3505 im
1064 3453 1263 3507 Griech.

312 3523 394 3574 19.
460 3522 640 3571 iratus
691 3523 903 3572 animus
955 3527 1083 3574 statt
1130 3525 1268 3575 irati

242 3591 482 3652 animus,
520 3588 622 3639 wie
656 3604 774 3641 man
810 3589 900 3640 der
933 3588 1266 3643 Konzinnitiit

240 3670 425 3722 wegen
486 3662 740 3707 erwarten
800 3657 991 3723 sollte,
1049 3658 1119 3710 ist
1176 3673 1264 3724 ge-

241 3723 508 3776 schrieben
570 3724 780 3776 worden
798 3762 813 3788 ,
891 3725 1013 3777 weil
1087 3728 1266 3777 iratus

240 3791 384 3842 nicht
434 3792 535 3843 wie
588 3795 800 3857 sapiens
857 3792 927 3844 im
983 3792 1122 3859 Sing.
1177 3795 1261 3845 ein

242 3857 417 3913 Subst.
453 3859 563 3911 sein
600 3859 753 3913 kann.

1367 2303 1416 2364 9,
1453 2301 1543 2353 20:
1592 2301 1748 2353 dolor
1791 2304 2005 2352 inustus
2049 2303 2128 2348 est
2161 2299 2388 2351 civitati.

1439 2371 1522 2421 13.
1550 2386 1620 2419 ea:
1644 2385 1748 2435 quo
1771 2369 1852 2433 fit,
1877 2384 1917 2423 s.
1945 2370 1994 2430 7,
2025 2369 2087 2419 14
2109 2381 2173 2417 zu
2197 2367 2282 2416 lta
2303 2364 2386 2426 fit.

1438 2439 1517 2489 16.
1554 2438 1770 2489 Etenim
1806 2436 1953 2487 leitet
1977 2434 2086 2486 hier
2109 2433 2253 2485 nicht
2286 2433 2388 2484 den

1361 2502 1567 2557 Beweis
1615 2519 1718 2556 von
1755 2504 1874 2568 Qua
1924 2530 1993 2542 —
2035 2503 2253 2553 vacabit
2285 2500 2386 2565 ein,

1363 2571 1586 2625 sondern
1623 2571 1772 2624 einen
1817 2585 2022 2622 neuen
2055 2568 2260 2621 Beweis
2293 2566 2387 2620 der

1360 2638 1731 2707 Behauptung:
1787 2638 2130 2705 aegritudine
2171 2638 2388 2702 sapiens

1359 2711 1597 2768 vacabit;
1616 2709 1729 2760 also
1746 2730 1814 2751 =
1822 2723 1994 2773 porro
2012 2705 2135 2757 oder
2146 2710 2388 2770 praeter-

1363 2793 1444 2828 ea.
1480 2774 1553 2829 So
1588 2776 1718 2829 auch
1741 2774 1824 2828 IV.
1848 2778 1928 2840 17,
1951 2776 2018 2828 40
2043 2790 2091 2826 u.
2117 2771 2174 2828 V.
2198 2775 2278 2837 15,
2301 2775 2387 2826 45.

1436 2846 1516 2896 17.
1545 2848 1730 2910 posset
1747 2892 1754 2901 ,
1773 2846 1935 2895 etiam
1983 2845 2043 2893 in
2086 2843 2385 2893 misericor-

1364 2913 1527 2976 diam,
1563 2911 1668 2974 vgl.
1705 2928 1752 2964 z.
1790 2915 1837 2977 7,
1879 2914 1968 2964 14:
2004 2912 2251 2976 recipiat.
2291 2906 2387 2960 Mit

1364 2979 1555 3031 vielem
1590 2978 1781 3032 Humor
1827 2979 2033 3046 geitselt
2068 2979 2170 3031 Cic.
2208 2978 2387 3029 diesen

1365 3046 1651 3100 Grundsatz
1688 3047 1778 3100 der
1800 3046 2009 3100 Stoiker
2042 3046 2098 3098 in
2132 3046 2223 3098 der
2245 3045 2388 3097 Rede

1362 3132 1413 3182 p.
1451 3114 1610 3179 Mur„
1665 3131 1749 3166 wo
1799 3131 1855 3168 er
1896 3115 1976 3168 als
2022 3115 2132 3166 ihre
2171 3113 2390 3166 Ansicht

1364 3182 1572 3235 ansfihrt
1615 3184 1698 3248 29,
1747 3186 1836 3238 61:
1882 3186 2144 3235 neminem
2184 3184 2392 3232 miseri-

1365 3251 1578 3302 cordem
1612 3268 1724 3301 esse
1749 3253 1860 3311 nisi
1880 3252 2102 3303 stultum
2138 3255 2191 3300 et
2225 3249 2391 3299 levem

1366 3335 1414 3371 u.
1442 3320 1526 3383 30,
1550 3321 1615 3372 62
1637 3339 1648 3371 :
1674 3319 1952 3385 Supplices
1973 3321 2148 3383 aliqui
2168 3318 2393 3367 veniunt

1363 3389 1553 3437 miseri
1586 3391 1638 3437 et
1660 3387 1990 3439 calamitosi.-
2022 3387 2312 3437 sceleratus
2337 3387 2392 3432 et

1366 3452 1617 3515 nefarius
1656 3453 1848 3519 fueris,
1886 3457 1937 3505 ei
1970 3455 2255 3520 quiequam
2289 3453 2389 3502 mi-

1365 3523 1666 3575 sericordia
1701 3523 1965 3574 adductus
1997 3519 2212 3582 feceris.

1428 3593 1507 3644 18.
1521 3591 1800 3643 invidiam.
1829 3590 1931 3643 Cic.
1944 3589 2054 3640 will
2066 3591 2276 3641 invidia
2293 3603 2389 3640 nur

1364 3658 1700 3778 ὲῗηνεῑῖὲῑεε
1720 3657 1885 3777 {aa
1909 3725 2390 3778 .

1365 3793 1550 3859 tigkeit
1572 3809 1637 3845 zu
1667 3792 1974 3856 vermeidffl,
2010 3793 2101 3845 das
2129 3792 2276 3845 Wort
2310 3795 2393 3843 in-

1366 3852 2012 3924 uidentia‘Scheelsucht'3
2031 3861 2136 3926 vgl.
2148 3859 2234 3913 IV.
2248 3863 2295 3925 7,
2310 3863 2388 3914 16.
