2834 4317
178 1114 237 1164 10

1029 166 1218 220 LIBER
1252 167 1310 220 11.
1354 170 1431 231 16,
1468 169 1552 220 37.
1589 170 1674 222 38.

274 340 546 420 procedit
574 358 786 419 agmen
811 340 881 400 ad
912 338 1115 400 tibiam
1148 359 1260 401 nec
1284 339 1598 409 adhibetur
1619 340 1735 401 ulla
1759 340 1889 402 sine
1911 343 2242 423 anapaestis
2264 344 2431 423 pedi·
2476 354 2532 403 37

2310 170 2428 227 131

276 426 389 488 bus
418 426 676 487 hortatio
706 460 809 499 -,
852 426 1042 486 nostri
1084 426 1377 487 exercitus
1406 425 1665 505 primum
1710 427 1870 488 unde
1902 446 2122 489 nomen
2155 427 2432 503 habeant,

276 512 473 587 vides;
519 511 733 573 deinde
777 510 877 590 qui
920 509 1107 586 labor,
1155 520 1413 590 quantus
1455 510 1725 591 agminis,
1772 512 1931 573 ferre
1971 514 2106 593 plus
2149 514 2433 575 dimidiati

277 597 500 659 mensis
530 595 770 681 cibaria,
814 596 973 657 ferre
1016 596 1066 658 si
1097 596 1240 674 quid
1269 596 1343 656 ad
1373 614 1548 657 usum
1579 595 1779 671 velint,
1814 598 1972 659 ferre
2001 594 2430 675 vallum-snam

275 691 530 756 scutum,
575 682 853 761 gladium,
899 681 1124 760 galeam
1169 681 1230 741 in
1280 700 1465 743 onere
1511 681 1703 743 nostri
1744 682 1961 745 milites
1999 703 2121 745 non
2151 685 2294 763 plus'
2317 703 2431 745 nu-

274 776 509 828 merant
552 786 726 846 quam
772 784 1034 841 umeros,
1078 765 1364 843 lacertos,
1408 785 1641 828 manus·

1744 769 1922 828 Arma
1965 768 2125 829 enim
2165 768 2433 830 membra

275 852 476 928 militis
520 870 650 914 esse
680 853 887 914 dicunt
900 871 917 928 ;
964 855 1113 931 qu'ae
1146 852 1382 931 quidem
1427 852 1506 913 ita
1536 860 1828 932 geruntur
1865 862 2021 933 apte,
2066 862 2150 930 ut,
2196 854 2245 915 si
2288 872 2431 916 usus

276 938 470 1014 fuerit,
517 937 762 999 abiectis
808 936 1123 1009 oneribuS,
1168 937 1455 1018 expeditis
1495 938 1680 999 armis*
1726 945 1793 998 ut
1838 938 2120 1000 membris
2162 958 2432 1019 pugnare

277 1022 529 1102 possint.
591 1020 791 1099 Quid?
838 1023 1179 1084 exercitatio
1224 1023 1561 1103 legionum,
1607 1020 1793 1102 quid?
1837 1023 1935 1085 ille
1982 1042 2224 1097 cursuS,
2285 1043 2432 1085 con-

279 1126 509 1183 cursus,
541 1108 767 1169 clamor
796 1108 1004 1188 quanti
1034 1106 1257 1170 laboris
1288 1109 1406 1170 esti
1453 1108 1541 1169 Ex
1568 1108 1686 1169 hoc
1717 1107 1816 1169 ille
1839 1109 2072 1170 animus
2103 1110 2165 1170 in
2190 1109 2434 1188 proeliis

277 1202 518 1274 paratus
561 1194 631 1254 ad
681 1194 943 1255 volnera.
1017 1193 1223 1254 Adduc
1267 1194 1396 1273 pari
1427 1193 1626 1254 animo
1673 1193 2121 1255 inexercitatum
2167 1194 2432 1269 militem,

275 1279 490 1340 mulier
532 1279 845 1340 videbitur.
923 1278 1043 1340 Cur
1078 1287 1307 1339 tantum
1351 1278 1602 1340 interest
1645 1278 1804 1339 inter
1836 1298 2054 1377 novffl
2120 1288 2145 1340 t
2171 1287 2431 1341 veterem
2476 1288 2536 1339 38

220 1418 232 1426 .
278 1365 624 1440 exercitum,
670 1373 958 1444 quantum
1005 1364 1232 1443 experti
1271 1361 1516 1425 sumus?
1547 1351 2049 1443 4Αθῐειε,ὶῖἷῖεἶὶιιιῐιι
2078 1382 2117 1443 p
2144 1382 2431 1444 erumque

277 1449 509 1524 melior,
540 1450 645 1511 sed
675 1450 828 1512 ferre
856 1449 1140 1527 laborem,
1173 1457 1560 1510 contemnere
1590 1447 1801 1510 volnus
1833 1450 2202 1511 consuetudo
2235 1450 2430 1510 docet.

280 1534 438 1605 Quin
473 1534 648 1596 etiam
679 1534 944 1597 videmus
974 1553 1047 1595 ex
1076 1534 1202 1595 acie
1233 1534 1431 1595 efferri
1462 1552 1639 1614 saepe
1671 1534 1924 1608 saucios,
1971 1545 2030 1595 et
2059 1534 2297 1614 quidem
2319 1517 2559 1596 f‘iffff

280 1621 412 1681 dem
435 1620 603 1682 illum
630 1628 690 1680 et
713 1620 1164 1681 inexercitatum
1196 1619 1460 1699 quamvis
1482 1619 1594 1681 levi
1620 1620 1743 1701 ictu
1765 1620 2034 1699 ploratus
2053 1619 2431 1699 turpissimos

280 1706 456 1766 edere
468 1724 485 1781 3
532 1713 591 1765 at
619 1724 760 1766 vero
806 1706 905 1766 ille
949 1705 1306 1767 exercitatus
1337 1714 1397 1766 et
1424 1712 1594 1767 vetus
1624 1705 1711 1766 oh.
1748 1723 1998 1783 eamque
2030 1722 2156 1780 rem
2200 1705 2431 1780 fortior,

178 1543 236 1591 15

278 1791 573 1852 medicum
604 1791 782 1851 modo
813 1791 1127 1870 requirens
1155 1808 1188 1850 a
1220 1771 1352 1870 qtio
1371 1757 1696 1871 151511ὲὲ11111

1680 1771 2119 1818 ‘'vx-om‘w‘

451 1876 519 1937 Ε.
550 1876 601 1937 Ο
625 1874 958 1949 Patricole&
988 1875 1200 1955 inquit,
1232 1878 1308 1938 ad
1334 1878 1438 1938 υόε
1466 1877 1779 1938 adveniens
1806 1874 2106 1937 amilium
2134 1885 2190 1938 et
2216 1879 2436 1937 vestrds

176 1968 236 2017 20

309 2051 336 2076 w

281 2159 285 2164 ’
349 2122 418 2199 1.”
442 2146 518 2196 ad
561 2148 775 2210 tibiam,
820 2146 963 2197 nicht
1006 2145 1080 2196 ad
1120 2148 1304 2196 tubam

280 2213 380 2265 wie
418 2213 505 2265 bei
540 2213 639 2265 den
675 2213 899 2265 anderen
938 2212 1182 2267 Volkern.

347 2284 395 2335 3.
416 2285 510 2347 qui
526 2281 697 2344 labor,
730 2286 978 2347 quantus.
1014 2281 1088 2333 Zu
1107 2281 1301 2333 diesem

279 2349 608 2416 steigernden
657 2349 961 2417 Asyndeton
1012 2348 1066 2400 in
1120 2348 1302 2400 effekt-
1342 2355 1347 2360 '

278 2417 443 2471 voller
485 2417 624 2469 Rede
671 2418 777 2483 vgl.
812 2418 851 2469 1.
889 2419 984 2483 35,
1022 2418 1112 2470 86:
1159 2423 1303 2483 quot,

279 2492 525 2552 quantas,
561 2502 694 2553 quas
727 2485 1066 2538 incredibilis
1100 2490 1198 2538 cet.

348 2556 607 2619 agminis:
655 2555 798 2606 eines
831 2553 1021 2605 Heeres
1067 2553 1159 2605 auf
1188 2553 1304 2605 dem

278 2621 532 2689 blanche,
566 2622 701 2673 denn
724 2637 920 2687 agmen
943 2621 1191 2673 bedentet
1214 2622 1307 2672 im-

278 2706 388 2743 mer
430 2706 527 2742 nur
571 2690 661 2741 das
705 2690 1114 2742 marschierende
1156 2688 1305 2755 Heer,

280 2759 363 2810 nie
389 2758 473 2810 die
493 2757 794 2825 Thatigkeit
809 2757 901 2810 des
918 2757 1303 2811 Marschierens.

347 2830 399 2880 4.
441 2828 668 2892 cibaria,
701 2827 755 2877 in
799 2826 889 2878 der
912 2825 1073 2890 Regel
1114 2826 1196 2878 fiir
1222 2828 1305 2891 17,

282 2896 367 2947 bei
404 2894 549 2948 Caes,
576 2895 628 2946 b.
652 2894 749 2946 civ.
773 2894 810 2949 1.
837 2897 901 2948 78
938 2894 1020 2946 fur
1054 2896 1120 2946 22
1145 2893 1304 2959 Tage,

278 2964 389 3016 Liv.
423 2962 593 3015 XLIV.
633 2966 695 3030 2,
730 2966 764 3015 4
810 2962 892 3014 fur
927 2964 1077 3014 einen
1112 2961 1305 3017 Monat.

349 3035 398 3085 5.
432 3048 544 3082 non
569 3031 697 3097 plus
719 3056 786 3077 ==
809 3046 921 3082 non
960 3033 1151 3096 magis,
1204 3032 1305 3083 wie

281 3099 344 3151 de
386 3099 491 3151 div.
527 3098 565 3150 1.
600 3102 698 3164 49,
737 3102 861 3152 111:
910 3100 1121 3150 divinos
1153 3098 1303 3150 nullo

278 3168 435 3219 modo
478 3183 760 3233 possumus
795 3168 998 3231 dicere,
1040 3182 1150 3217 non
1178 3167 1306 3232 plus

281 3251 440 3302 quam
475 3235 743 3286 Milesium
785 3235 1019 3289 Thalem.

348 3308 398 3357 7.
435 3305 487 3354 si
518 3318 648 3355 usus
681 3302 871 3368 fuer-it,
894 3302 1000 3369 vgl.
1023 3302 1108 3355 lv.
1130 3305 1180 3367 3,
1201 3307 1231 3357 5
1251 3320 1301 3356 u.

280 3371 344 3424 de
379 3371 468 3425 off.
502 3371 538 3423 1.
576 3374 669 3436 26,
707 3373 799 3424 92:
844 3374 894 3421 si
929 3372 1142 3437 quando
1177 3388 1308 3423 usus

279 3445 425 3492 esset.

350 3510 397 3561 8.
441 3507 706 3573 eoepaditis
740 3508 933 3570 armis,
977 3507 1071 3559 mit
1106 3507 1308 3574 schlag-

285 3576 504 3642 tertigen
540 3573 759 3628 Waffen.

355 3648 433 3697 11.
452 3644 646 3696 Adduo
680 3672 747 3682 —
780 3643 1070 3708 videbitur,
1095 3658 1137 3695 s·
1160 3642 1197 3695 1.
1226 3646 1307 3710 13,

285 3714 351 3765 30
386 3728 449 3764 zu
491 3711 636 3764 Tolle
671 3741 734 3749 —
772 3711 1067 3764 sustuleris.

356 3783 436 3834 13.
466 3782 680 3847 experti
710 3795 917 3842 sumus,
966 3779 1036 3835 im
1088 3779 1306 3847 Burger-

286 3847 477 3916 kriege,
516 3863 600 3899 wo
625 3848 715 3900 des
740 3847 1017 3915 Pompeius
1052 3864 1151 3901 neu
1190 3864 1303 3901 aus-

1813 1979 2025 2022 manus

1407 2144 1674 2210 gehobene
1710 2143 1954 2212 Truppen
1987 2160 2094 2197 von
2130 2144 2312 2196 Gfisars
2335 2143 2435 2196 Ve-

1405 2220 1614 2265 teranen
1651 2212 1808 2264 leicht
1857 2212 2167 2278 geschlagen
2205 2212 2432 2266 wurden.

1478 2284 1557 2334 15.
1614 2297 1684 2331 σω
1729 2282 1848 2332 acie
1893 2280 2081 2343 efferri
2123 2280 2307 2332 drfickt
2349 2282 2436 2332 ein

1404 2348 1606 2415 logisch
1626 2348 2082 2413 untergeordnetes
2092 2346 2322 2400 Moment
2338 2364 2433 2400 aus

1403 2442 1471 2463 =
1507 2431 1628 2468 cum
1662 2416 1978 2479 afferuntur.
2038 2415 2155 2480 Vgl.
2189 2431 2254 2468 zu
2288 2416 2326 2467 1.
2354 2419 2434 2480 17,

1404 2486 1498 2537 39:
1537 2487 1882 2551 primumque
1902 2513 1972 2523 —
1998 2487 2243 2545 sensium
2288 2483 2433 2536 ebds.

1389 2554 1495 2618 24,
1531 2556 1622 2606 57:
1661 2557 1712 2603 ot
1746 2557 1940 2604 tamen.

1479 2624 1557 2675 16.
1612 2624 1855 2687 quamvis
1909 2621 2011 2671 levi
2081 2622 2198 2670 ictu
2269 2618 2435 2671 selbst

1407 2689 1604 2755 infolge
1657 2688 1799 2740 einer
1856 2703 1986 2754 ganz
2039 2687 2262 2739 leichten
2308 2686 2433 2739 Ver-

1411 2757 1690 2823 wundung.
1762 2756 1854 2809 Bei
1889 2759 2134 2823 quamvis
2169 2756 2308 2807 steht
2341 2756 2434 2808 das

1405 2825 1525 2890 Adj.
1562 2825 1646 2878 od.
1681 2823 1813 2878 Λᾶν.
1850 2841 1945 2876 nur
1978 2826 2048 2877 im
2086 2824 2300 2877 Positiv.

1481 2896 1562 2947 18.
1595 2894 1882 2959 obligetur,
1906 2892 2040 2945 ohne
2067 2891 2435 2945 wesentlichen

1410 2959 1748 3014 Unterschied
1797 2977 1899 3014 von
1946 2961 2197 3027 adligare
2230 2963 2283 3025 (ἓ
2319 2963 2433 3026 39):

1409 3029 1712 3081 verbinden.

1480 3101 1561 3151 19.
1601 3098 1658 3151 0.
1684 3096 1978 3149 Patricoles
2012 3103 2112 3150 cet.
2181 3096 2300 3147 Dies
2338 3094 2436 3148 Ge-

1408 3166 1590 3284 sprfich
1637 3166 1728 3217 des
1749 3164 2071 3285 HEunryplylpg
2108 3163 2243 3286 gglgf
2257 3163 2435 3283 patiti}

1407 3249 1725 3368 gil-liftidi'azzeu
1736 3249 1853 3368 gaz),
1881 3272 2145 3365 ‘ist’(na·ch
2180 3247 2434 3365 Riffseck)

1410 3385 1503 3422 aus
1540 3370 1655 3422 dem
1679 3360 1950 3422 ‘Achilles’
1986 3369 2077 3421 des
2112 3367 2321 3420 Ennius·

1478 3439 1774 3490 Patricoles
1791 3438 1974 3489 surdas
1988 3435 2306 3502 griechische
2315 3435 2433 3488 Πα-

1408 3503 1650 3627 Ξὲἔὶκέῗ
1685 3504 2433 3627 ἓῖ.ῗ,“κῗῗὲἳῗ.”.ἒιίἱιέἐξῖἓίῗ

1410 3643 1616 3709 dungen
1652 3590 1732 3707 ΞΖ,
1767 3612 1858 3710 κμο,
1893 3662 1976 3707 κν,
2011 3662 2090 3709 μν
2123 3641 2433 3693 vermieden.

1408 3740 1479 3749 —
1524 3713 1798 3763 auxilium
1842 3711 1969 3762 wird
2015 3710 2173 3762 durch
2217 3710 2300 3761 die
2337 3708 2432 3761 fol—

1409 3779 1610 3844 genden
1625 3779 1800 3831 Worte
1834 3784 2038 3830 vestras
2061 3794 2254 3830 manus
2278 3777 2434 3828 nabet

1408 3846 1686 3902 bestimmt.

1946 3930 2023 3982 9*

2546 563 2623 582 ν’*
