2834 4317
355 688 393 819 υϊδῦ

441 186 560 248 106
1210 179 1214 188 ’
1289 186 1480 242 LIBER
1514 188 1576 243 V.
1613 191 1661 255 2,
1684 193 1732 244 5.

814 311 903 352 μ’,
936 279 1009 339 :²22
1032 308 1075 328 Λ,

438 327 960 442 manosffipaque
992 361 1157 422 omni
1180 379 1393 423 carens
1423 371 1658 440 praeter
1688 380 1752 423 se
1781 362 1970 442 ipsam
2002 362 2153 424 nihil
2183 369 2389 424 censet
2416 362 2491 423 ad
2521 382 2591 424 se

435 449 754 528 pertinere.
790 448 910 508 Nos
935 455 1128 508 autem
1155 447 1353 508 omnia
1376 446 1616 507 adversa
1638 464 1776 508 cum
1795 447 2094 510 venientia
2113 455 2276 509 metu
2299 455 2594 526 augentes

434 543 562 595 tum
604 551 874 595 maerore
908 533 1240 612 praesentia
1271 550 1476 594 rerum
1505 542 1778 593 naturam
1810 550 1985 612 quam
2015 551 2280 595 errorem
2310 541 2592 595 nostrum

434 620 713 680 damnare
741 618 1050 680 malumus.
1389 678 1394 683 .

605 704 739 770 Sed.
765 711 825 765 et
863 702 1041 764 huius
1083 703 1292 783 culpae
1330 711 1390 763 et
1418 710 1751 764 ceterorum
1782 702 2057 764 vitiorum
2086 710 2593 783 peccatorumque

437 798 779 852 nostrorum
822 788 1018 850 omnis
1059 808 1093 849 a
1122 788 1495 870 philosophia
1525 788 1782 867 petenda
1811 788 2103 850 correctio
2133 797 2240 850 est.
2282 787 2416 849 .ssui
2458 807 2488 849 s
2517 788 2588 849 in

433 876 631 937 sinum
683 892 819 935 cum
871 892 904 934 a
955 874 1162 953 primis
1213 873 1585 955 temporibus
1635 873 1842 955 aetatis
1892 882 2095 936 nostra
2143 850 2416 944 ffi'ffintas
2456 880 2586 934 stu-

434 960 715 1037 diumque
765 978 878 1020 nos
928 960 1337 1040 compulisset,
1388 959 1482 1021 his
1532 957 1890 1038 gravissimis
1937 958 2169 1021 casibus
2218 958 2282 1020 in
2326 958 2588 1020 eundem

431 1054 702 1125 portum,
735 1063 807 1104 ex
850 1062 968 1122 quo
1010 1063 1243 1107 eramus
1283 1044 1534 1124 egressi,
1579 1061 1791 1123 magna
1834 1044 2176 1136 iactati-Atym
2223 1063 2255 1105 e
2288 1052 2405 1105 tate
2435 1061 2588 1104 con-

432 1130 707 1209 fugimus.
784 1129 832 1190 Ο
864 1130 1013 1191 vitae
1058 1129 1432 1210 philosophia
1475 1128 1623 1205 dux,
1669 1148 1705 1190 o
1749 1129 1981 1191 virtutis
2016 1129 2348 1209 indagatrix
2377 1128 2590 1209 expul-

431 1216 664 1294 trixque
693 1214 993 1276 vitioruml
1025 1216 1166 1295 quid
1197 1234 1322 1276 non
1353 1214 1531 1276 modo
1560 1233 1690 1289 noS,
1721 1215 1825 1275 sed
1855 1214 2102 1276 omnino
2131 1215 2247 1276 vita
2273 1213 2587 1275 hominum

432 1301 562 1362 sine
590 1309 650 1362 te
682 1319 809 1362 esse
838 1298 1171 1380 potuisset?
1236 1301 1330 1361 Tu
1390 1300 1557 1362 urbis
1612 1300 1928 1379 peperisti,
1981 1308 2045 1361 tu
2105 1299 2419 1379 dissipatos
2472 1300 2585 1360 ho—

429 1386 621 1447 mines
661 1385 723 1446 in
767 1386 1106 1447 societatem
1135 1386 1286 1447 vitae
1317 1404 1470 1447 conv
1546 1384 1653 1446 asti
1651 1430 1685 1484 <²
1728 1392 1791 1446 tu
1824 1403 1926 1447 eos
1972 1385 2129 1446 inter
2157 1403 2222 1470 se
2245 1384 2444 1470 primo
2473 1383 2585 1444 do-

429 1471 694 1546 miciliis,
725 1469 938 1532 deinde
969 1471 1278 1550 coniugiiS,
1309 1480 1438 1533 tum
1561 1449 1694 1531 {far
1738 1489 1798 1530 m
1830 1478 1889 1531 et
1906 1446 2583 1531 roffnsc'o'm'munione

427 1555 704 1630 iunxisti,
747 1563 813 1616 tu
853 1556 1151 1618 inventrix
1178 1557 1408 1636 legum,
1452 1564 1519 1617 tu
1547 1556 1824 1634 magistra
1867 1574 2102 1616 morum
2146 1563 2205 1616 et
2239 1554 2584 1634 disciplinae

427 1642 607 1703 fuisti.
674 1640 761 1701 Ad
792 1649 851 1702 te
897 1642 1293 1721 confugimuS,
1337 1660 1369 1702 a
1400 1650 1460 1703 te
1490 1659 1662 1721 opem
1696 1641 1970 1720 petimuS,
2001 1640 2109 1702 tibi
2139 1660 2268 1714 noS,
2311 1646 2380 1701 ut
2407 1647 2584 1701 antea

428 1744 640 1806 magna
671 1744 744 1787 ex
773 1733 958 1805 parte,
997 1726 1081 1788 sic
1112 1746 1278 1789 nunc
1307 1727 1549 1807 penitus
1579 1733 1858 1805 totosque
1887 1725 2189 1787 tradimus.
2250 1725 2358 1786 Est
2386 1732 2584 1790 autem

424 1830 583 1872 unus
620 1810 743 1872 dies
772 1810 928 1872 bene
959 1820 1018 1872 et
1046 1830 1118 1872 ex
1148 1812 1480 1891 praeceptis
1512 1811 1630 1873 tuis
1657 1819 1825 1873 actus
1851 1811 2126 1891 peccanti
2157 1809 2581 1872 immortalitati

424 1896 899 1975 anteponendus.
975 1895 1154 1957 Cuius
1212 1897 1390 1976 igitur
1443 1897 1640 1977 potius
1684 1896 1899 1976 opibus
1951 1904 2185 1957 utamur
2225 1914 2403 1975 quam
2442 1893 2579 1968 tuis,

426 1999 576 2059 quae
617 1989 676 2041 et
715 1980 865 2042 vitae
904 1981 1386 2060 tranquillitatem
1415 1982 1624 2061 largita
1655 1980 1827 2043 nobis
1870 2000 1933 2043 es
1964 1989 2024 2042 et
2051 1989 2344 2043 terrorem
2372 1979 2582 2042 mortis

425 2060 729 2128 sustulisti.
914 2060 921 2072 ’
1802 2093 1806 2097 ·
2037 2070 2042 2077 ’

426 2183 495 2235 ist
518 2183 604 2235 bei
629 2182 731 2234 Gie.
759 2198 853 2234 nur
876 2182 987 2234 hier
1022 2182 1128 2235 und
1152 2183 1283 2235 auch
1307 2189 1455 2236 sonst
1559 2182 1738 2249 kriege
1786 2182 1875 2235 der
1926 2182 2120 2236 letzten
2153 2181 2310 2235 Jahre
2358 2182 2462 2235 und
2501 2183 2582 2235 Ci-

428 2251 529 2303 sast
563 2267 658 2303 nur
691 2250 774 2302 bei
800 2250 1040 2303 Dichtern
1075 2252 1169 2303 mit
1192 2251 1308 2304 dem
1331 2251 1451 2305 Abl.
1557 2266 1701 2303 ceros
1726 2250 2095 2318 Verdran’gung
2121 2266 2243 2302 vom
2269 2250 2580 2317 politischen

426 2318 739 2371 verbunden.
1543 2317 1914 2387 'Schanplatze,
1940 2319 2160 2379 sondern
2185 2319 2316 2372 auch
2340 2318 2432 2371 der
2452 2318 2580 2372 Ver-

497 2390 545 2441 2.
579 2391 866 2453 pertinere,
905 2387 1007 2439 wie
1042 2386 1076 2439 1.
1118 2392 1198 2454 11,
1238 2390 1330 2449 243
1368 2404 1455 2438 ve-
1555 2387 1662 2439 lust
1697 2388 1864 2439 seiner
1899 2386 2123 2440 Tochter
2146 2386 2342 2452 Tullia.

427 2458 633 2507 nientia
666 2461 810 2507 metu
841 2484 909 2493 -
933 2472 1176 2507 maerore
1205 2472 1457 2522 praesen·
1627 2459 1707 2509 11.
1728 2472 1837 2507 non
1854 2456 2013 2507 modo
2037 2470 2102 2494 —'
2123 2456 2242 2508 sed:
2279 2455 2370 2508 das
2391 2456 2579 2508 zweite
2607 2497 2616 2518 ,

429 2527 531 2589 tia,
581 2523 872 2589 ChiasmuS,
916 2539 1007 2576 zur
1050 2524 1455 2590 Hervorhebung
1555 2522 1704 2575 Glied
1739 2523 1972 2576 schlietst
2009 2524 2087 2576 als
2112 2522 2462 2577 umfassender
2486 2523 2580 2576 das

429 2593 520 2643 des
557 2591 915 2655 Gegensatzes.
953 2589 1067 2658 vgl.
1093 2593 1131 2643 1.
1151 2595 1234 2658 49,
1263 2594 1360 2645 118
1386 2608 1453 2643 zu
1555 2596 1691 2643 erste
1729 2592 1782 2642 in
1824 2592 1933 2644 sich
1970 2593 2081 2653 ein;
2118 2592 2244 2657 vgl..
2278 2591 2314 2643 1.
2352 2595 2399 2658 7,
2440 2594 2523 2644 13.

429 2660 738 2712 horribilem
756 2658 1078 2720 —faustum
1096 2665 1315 2712 u.nnten
1336 2663 1385 2726 2,
1400 2664 1449 2713 5:
1626 2662 1705 2713 12.
1732 2664 1792 2711 tu
1815 2689 1884 2698 -
1903 2662 2221 2712 convocasti.
2256 2660 2383 2711 Zum
2410 2659 2581 2712 Inhalt

429 2733 480 2778 et
497 2731 639 2779 vitae
659 2728 1106 2792 tranquillitatem
1121 2733 1173 2778 et
1189 2733 1450 2780 terrorem
1497 2789 1504 2798 Α
1552 2728 1658 2793 vgl.
1695 2727 1758 2780 de
1794 2732 1921 2780 orat.
1958 2728 1993 2781 1.
2020 2732 2070 2794 9,
2096 2731 2178 2793 36,
2213 2741 2299 2780 wo
2337 2728 2580 2780 dasselbe

428 2800 630 2848 mortis.
683 2795 809 2846 Zum
844 2794 1011 2847 Inhalt
1043 2795 1148 2861 vgl.
1176 2796 1250 2847 ΠΙ.
1282 2800 1328 2861 7,
1358 2800 1449 2850 14:
1483 2799 1492 2809 ⁴
1552 2795 1643 2847 der
1674 2794 2080 2862 Beredsamkeit,
2115 2795 2221 2849 und
2248 2796 2367 2849 Hor.
2404 2811 2485 2864 ep.
2513 2796 2579 2848 ad

430 2878 660 2931 quarum
694 2865 836 2912 enim
870 2878 1052 2913 rerum
1088 2891 1156 2900 —-
1191 2866 1450 2917 timemus.
1551 2863 1609 2916 P.
1635 2880 1686 2916 v·
1713 2866 1802 2917 391
1837 2863 1907 2930 ff.,
1944 2880 2028 2917 wo
2066 2880 2121 2916 es
2155 2864 2245 2916 der
2267 2863 2453 2917 Poesie
2490 2880 2579 2917 zu-

497 2934 753 2995 augentes
789 2931 993 2981 vei-tritt
1038 2930 1184 2982 einen
1222 2931 1452 2984 Konzes·
1552 2931 1887 2998 geschrieben
1922 2933 2070 2985 wird.

431 3000 639 3052 sivsatz.
1625 3002 1705 3054 13.
1752 3004 2056 3053 societatem
2104 3004 2294 3053 vitae..
2331 2999 2383 3052 S.
2431 3015 2497 3051 zu
2540 2999 2578 3051 1.

500 3069 549 3120 6.
598 3065 761 3118 Cuius
811 3068 870 3116 in
922 3066 1098 3116 sinum
1123 3058 1226 3118 ‘ihr
1269 3068 1324 3119 in
1368 3067 1452 3121 die
1558 3070 1641 3132 25,
1666 3071 1750 3123 62.
1935 3124 1956 3135 „

429 3128 625 3194 Arme'3
670 3148 851 3199 wegen
904 3132 996 3185 des
1031 3133 1273 3188 Genetivs
1310 3151 1350 3189 s.
1375 3136 1451 3190 111.
1623 3141 1684 3202 tu
1739 3152 1843 3189 eos.
1924 3135 2060 3188 Uber
2114 3136 2197 3189 die
2250 3135 2579 3188 zusammen·

432 3205 514 3266 22,
542 3206 608 3255 54
643 3218 708 3253 zu
743 3202 1081 3256 calamitatis.
1555 3203 1782 3270 stellung
1817 3204 1906 3256 der
1939 3204 2090 3257 Pron.
2126 3204 2234 3271 vgl.
2270 3219 2334 3255 zu
2370 3203 2406 3256 1.
2442 3207 2491 3271 4,
2519 3208 2577 3256 7:

496 3275 543 3324 7.
586 3289 620 3322 a
648 3272 845 3338 primis
881 3274 1205 3338 temporibus
1240 3275 1451 3336 aetatis,
1555 3273 1685 3323 haec
1717 3273 1880 3334 mihi;
1931 3273 2138 3325 fihnlich
2174 3272 2354 3324 weiter
2389 3277 2577 3325 unten:

428 3340 533 3406 vgl.
570 3339 635 3391 de
671 3337 756 3391 off.
791 3339 849 3391 11.
889 3342 933 3402 1,
971 3342 1029 3391 4:
1083 3339 1241 3392 Nihil
1291 3356 1455 3406 agere
1557 3341 1657 3391 tibi
1692 3356 1804 3391 nos.
1887 3366 1890 3370 ⁴

430 3413 607 3459 autem
641 3423 763 3458 cum
792 3408 1004 3458 animus
1036 3424 1146 3459 non
1164 3414 1360 3474 posset,
1392 3412 1453 3459 in
1630 3410 1706 3460 14.
1769 3408 2073 3459 litterarum
2125 3413 2179 3458 et
2227 3423 2418 3460 vocum
2462 3399 2582 3460 ‘der

431 3479 514 3527 his
535 3476 730 3526 stadiis
753 3477 818 3527 ab
843 3478 1004 3527 initio
1027 3482 1271 3527 versatus
1307 3482 1452 3527 aeta·
1556 3474 1743 3528 Schrist
1780 3475 1885 3528 und
1919 3474 2009 3527 der
2044 3476 2373 3528 miindlichen
2405 3468 2579 3528 Rede'.

433 3548 501 3594 tis
546 3545 853 3594 emistimavi
895 3545 1256 3595 honestissime
1288 3546 1449 3595 mole-
1623 3546 1702 3598 18.
1776 3561 1880 3596 ece.
1906 3537 2489 3596 immortalitati‘einer
2524 3545 2579 3596 in

430 3614 565 3662 stias
591 3626 749 3676 posse
785 3612 994 3676 deponi,
1028 3615 1077 3662 si
1108 3628 1192 3662 me
1225 3612 1300 3664 ad
1325 3614 1449 3679 phi·
1550 3612 1727 3665 Laster
1765 3610 2002 3677 aftigkeit
2037 3612 2370 3665 durchlehten
2403 3612 2581 3679 Ewig-

433 3680 727 3744 Iosophiam
750 3679 1095 3742 rettulissem3
1132 3678 1285 3732 Tusc.
1315 3680 1450 3748 disp,
1551 3672 1696 3732 keit'.
1721 3679 1837 3746 Vgl.
1855 3679 2163 3733 Posidonius
2181 3681 2266 3732 bei
2287 3679 2405 3733 Sen.
2422 3680 2579 3748 epist.

432 3745 468 3799 1.
510 3749 557 3811 1,
597 3746 642 3795 1.
743 3798 750 3807 ,
1554 3749 1636 3810 78,
1663 3749 1756 3801 25;
1800 3748 1941 3802 Unus
1987 3749 2099 3799 dies
2145 3751 2418 3801 hominum
2452 3765 2581 3800 eru-

502 3815 551 3866 8.
584 3813 680 3862 Jlis
708 3815 1043 3877 gravissimis
1077 3817 1296 3867 casibus.
1354 3815 1452 3868 Ge·
1554 3816 1791 3867 ditm-um
1810 3818 1931 3882 plus
1953 3822 2103 3883 patet
2125 3833 2284 3883 quam
2308 3819 2582 3883 imperitis

433 3881 593 3933 meint
640 3877 753 3932 sind
795 3879 937 3932 nicht
983 3897 1078 3933 nm·
1118 3882 1201 3934 die
1235 3882 1453 3951 Burger-
1556 3884 1867 3950 longissima
1903 3890 2066 3937 aetas.

2635 715 2670 765 5

2634 1140 2704 1194 10
