2834 4317
481 170 600 229 116
1148 133 1155 140 ⁵
1254 171 1452 224 uem
1489 170 1551 223 v.
1589 171 1840 237 s,21.22.

478 344 625 419 suit,
672 343 774 424 qui
813 343 1133 405 invenisset
1174 360 1385 405 novam
1430 343 1816 422 voluptatem;
1849 362 1965 423 qua
1994 344 2120 424 ipsa
2162 363 2284 405 non
2330 345 2443 405 fuit
2483 362 2634 406 con-

476 437 711 511 tentus3
758 446 950 507 neque
981 428 1138 489 enim
1172 447 1452 507 umquam
1493 429 1674 490 finem
1717 428 1979 490 inveniet
2005 429 2207 490 libido.
2275 429 2396 491 Nos
2424 430 2634 492 vellem
2728 469 2734 475 -

482 515 743 596 praemio
776 514 988 575 elicere
1017 531 1357 593 possemus,
1403 515 1507 592 qui
1536 513 1711 576 nobis
1755 513 1971 593 aliquid
2004 514 2324 588 attulisset,
2368 533 2488 595 quo
2520 515 2636 575 hoc

481 601 710 662 firmius
739 599 1131 660 crederemus.

654 686 721 746 A.
790 684 1009 744 Vellem
1058 683 1115 744 id
1159 683 1427 762 quidem,
1469 683 1571 745 sed
1600 683 1675 744 ha

377 742 434 823 ²¹
483 770 610 850 Ego
642 769 799 830 enim
831 769 1130 830 adsentior
1159 787 1398 844 corum,
1445 787 1593 848 quae

482 872 675 934 quens
704 872 851 927 esse,
889 861 955 914 ut
985 870 1159 932 quem
1191 855 1261 915 ad
1293 855 1567 928 modum,
1598 854 1648 915 si
1679 852 1838 934 quod
1868 854 2188 915 honestum
2216 854 2323 928 sit,
2354 854 2412 916 id
2442 854 2640 916 solum

482 939 559 1001 sit
601 937 859 1013 bonum,
890 946 1174 1018 sequatur
1214 938 1390 1000 vitam
1436 938 1665 999 beatam
1708 939 1924 999 virtute
1969 939 2218 1014 confici,
2278 939 2381 1013 sic,
2421 939 2477 999 si
2520 939 2638 999 vita

481 1023 651 1085 beata
693 1024 754 1085 in
783 1023 1000 1085 virtute
1029 1023 1134 1097 sit,
1182 1024 1327 1086 nihil
1356 1043 1486 1085 esse
1518 1024 1631 1085 nisi
1662 1023 1936 1085 virtutem
1965 1024 2209 1085 honum.
2271 1024 2385 1086 Sed
2416 1025 2639 1086 Brutus

487 1118 626 1170 tuus
678 1118 919 1170 auctore
949 1109 1146 1170 Aristo
1191 1118 1251 1170 et
1294 1108 1587 1170 Antiocho
1634 1128 1754 1170 non
1811 1109 1992 1170 sentit
2033 1109 2182 1184 hoc;
2242 1118 2412 1188 putat
2454 1110 2637 1180 enim,
2686 1119 2736 1169 10

489 1193 664 1255 etiam
688 1194 737 1256 si
761 1193 838 1256 sit
858 1194 1085 1255 bonum
1108 1193 1345 1273 aliquod
1369 1202 1606 1274 praeter
1622 1194 1917 1255 virtutem.
1952 1193 2033 1254 M.
2059 1193 2217 1264 Quid
2238 1193 2459 1273 igitur?
2489 1213 2640 1256 con-

484 1287 570 1340 tra
601 1280 937 1341 Brutumne
967 1298 1061 1341 me
1092 1280 1391 1341 dicturum
1422 1277 1642 1358 putas?
1701 1279 1765 1351 A.
1798 1278 1887 1342 Tu
1918 1297 2075 1353 vero,
2107 1287 2175 1340 ut
2199 1278 2464 1355 videtui-3
2496 1298 2638 1340 nam

482 1365 798 1445 praefinire
834 1384 964 1426 non
999 1372 1090 1426 est
1118 1382 1335 1426 meum.
1410 1364 1495 1424 M.
1527 1363 1682 1435 Quid
1713 1363 1926 1443 cuique
1957 1364 2135 1441 igitur
2165 1371 2636 1427 consentaneum

485 1450 577 1525 sit,
609 1450 722 1511 alio
755 1450 908 1511 loco.
958 1450 1105 1511 Nam
1137 1450 1245 1511 ista
1266 1449 1410 1511 mihi
1434 1457 1495 1510 et
1515 1468 1649 1510 cum
1674 1448 1966 1510 Antiocho
1990 1466 2163 1528 saepe
2194 1457 2251 1510 et
2281 1467 2421 1511 cum
2441 1450 2637 1511 Aristo

489 1553 714 1615 nuper,
747 1554 880 1597 cum
914 1535 1160 1596 Athenis
1201 1535 1526 1614 imperator
1569 1534 1724 1615 apud
1756 1552 1891 1596 eum
1936 1534 2301 1610 deversarer,
2346 1535 2640 1597 dissensio
2687 1544 2739 1595 15

484 1621 617 1681 fuit.
676 1620 819 1681 Mihi
852 1620 1010 1681 enim
1044 1639 1164 1681 non
1198 1619 1505 1681 videbatur
1536 1620 1845 1699 quisquam
1877 1638 2003 1680 esse
2035 1620 2240 1681 beatus
2269 1638 2463 1699 posse,
2500 1639 2638 1681 cum

484 1706 543 1766 in
582 1704 750 1766 malis
782 1713 970 1778 esset;
1017 1705 1078 1765 in
1125 1705 1291 1766 malis
1332 1712 1529 1766 autem
1572 1704 1898 1784 sapientem
1939 1723 2068 1765 esse
2109 1722 2317 1783 posse,
2360 1706 2408 1766 si
2439 1716 2643 1767 essent

490 1789 612 1850 ulla
643 1790 914 1869 corporis
943 1798 1043 1850 aut
1073 1791 1348 1851 fortunae
1379 1790 1549 1851 mala.
1609 1789 1973 1851 Dicebantur
1999 1790 2175 1865 haec,
2221 1807 2372 1870 quae
2398 1791 2644 1870 scripsit

488 1874 659 1935 etiam
692 1873 1019 1936 Antiochus
1062 1874 1210 1936 locis
1251 1875 1555 1955 pluribus,
1598 1874 1873 1936 virtutem
1921 1874 2108 1954 ipsam
2151 1893 2260 1954 per
2301 1894 2365 1937 se
2400 1874 2639 1937 beatam

488 1958 661 2019 vitam
693 1958 929 2020 efficere
958 1977 1134 2039 posse
1165 1978 1360 2039 neque
1389 1969 1589 2021 tamen
1614 1959 2038 2033 beatissimam3
2071 1959 2284 2021 deinde
2314 1979 2386 2021 ex
2413 1960 2643 2022 maiore
2701 1976 2758 2026 20

410 2083 413 2084 ν
484 2051 653 2123 parte
681 2043 996 2124 plerasque
1025 2062 1120 2106 res
1153 2044 1480 2127 nominari,
1524 2045 1696 2107 etiam
1723 2044 1774 2106 si
1805 2063 1955 2123 quae
1984 2062 2123 2124 pars
2162 2044 2420 2120 abesset,
2452 2055 2522 2107 ut
2548 2047 2636 2106 vi-

482 2130 597 2206 riS,
639 2137 706 2191 ut
732 2129 1156 2203 valetudinem,
1197 2139 1264 2191 ut
1293 2130 1549 2205 divitias,
1592 2140 1658 2191 ut
1688 2130 2010 2204 honorem,
2053 2138 2122 2191 ut
2161 2130 2438 2211 gloriam,
2486 2150 2638 2210 quae

554 2232 599 2283 1.
656 2232 750 2295 qui
800 2232 1100 2282 invenisset.
1166 2229 1260 2282 Die
1295 2229 1508 2281 Auslas-
1677 2244 1787 2279 non
1810 2232 1974 2279 sentit
1996 2230 2111 2291 hoc,
2137 2244 2209 2281 sc.
2236 2231 2402 2280 vitam
2427 2232 2636 2281 beatam

1758 702 1791 744 o
1865 683 2094 757 aulum,
2127 683 2287 763 quod
2315 684 2638 764 requiram.
2681 695 2706 744 5

1704 778 1905 844 suisti,
1948 767 2194 830 alterum
2226 768 2392 830 alteri
2422 788 2638 831 conse-

384 1386 442 1437 22

481 2297 948 2432 2235..2²⁸h{'.5333
977 2297 1508 2418 ⁶3¹3ss13¹⁸332¹⁸1223³511

483 2432 621 2495 sich,
675 2432 800 2489 wie.
829 2433 940 2485 hier
991 2433 1095 2485 und
1149 2434 1371 2486 nachher
1423 2434 1508 2486 bei

484 2501 671 2553 elicere
709 2504 804 2567 qui
837 2501 990 2565 (auch
1023 2502 1155 2554 oben
1178 2500 1265 2556 IV.
1301 2504 1384 2568 25,
1410 2504 1505 2554 55:
1587 2525 1596 2534 ·

484 2572 576 2634 qui
622 2572 708 2619 uti
756 2574 970 2621 ratione
1003 2585 1115 2622 non
1155 2573 1364 2637 potest),
1418 2570 1512 2621 auf
1537 2623 1552 2632 „

484 2636 599 2689 eine
641 2636 1007 2690 unbestimmte
1045 2637 1238 2689 Person
1286 2636 1508 2690 hezieht.

550 2703 665 2766 fuit
699 2710 857 2767 cont„
893 2705 1047 2757 nfiml.
1080 2720 1232 2758 wenn
1268 2705 1357 2758 der
1392 2724 1509 2757 και-

483 2768 803 2837 νοποιητήε,
863 2773 1085 2824 welcher
1139 2773 1223 2825 die
1272 2773 1509 2838 Aufgabe

485 2839 643 2903 hatte,
689 2854 821 2891 neue
876 2839 1090 2907 Speisen
1143 2856 1208 2891 zu
1261 2839 1508 2907 erfinden‚

484 2907 590 2957 ihm
626 2906 742 2958 eine
777 2907 952 2959 solche
989 2912 1281 2974 vorgesetzt
1316 2909 1474 2961 hatte.

554 2987 602 3038 3.
638 2986 934 3049 attulisset,
988 2986 1064 3037 als
1100 2986 1168 3038 ob
1205 2987 1407 3039 donare
1442 2993 1507 3041 st.

485 3052 675 3103 elicere
709 3054 1064 3121 vorherginge.
1479 3072 1486 3079 ·

554 3122 653 3173 hoc
685 3148 754 3160 —
778 3123 1122 3188 crederemus,
1156 3122 1310 3174 niiml.
1333 3124 1509 3190 philo-

483 3191 705 3256 sophum
758 3194 939 3243 omnia
986 3193 1261 3256 praesidia
1316 3192 1510 3242 habere

486 3261 546 3308 in
579 3275 634 3309 se
657 3260 784 3310 bene
808 3261 1056 3325 beateque
1077 3259 1294 3311 vivendi
1328 3260 1382 3321 (ξ
1407 3263 1508 3325 19).

555 3329 604 3380 6.
641 3328 803 3378 alteri
846 3343 1189 3395 consequens,
1235 3326 1325 3379 der
1359 3325 1510 3379 Dativ

486 3394 587 3446 wie
613 3409 686 3447 or.
712 3398 793 3459 32,
817 3399 939 3448 115:
965 3395 1098 3462 quid
1119 3398 1309 3460 cuique
1334 3410 1512 3446 conse-

488 3478 652 3529 quens
682 3468 770 3515 sit.
1439 3477 1444 3482 “

558 3532 603 3583 8.
639 3534 733 3595 eie,
769 3545 843 3583 sc:
874 3535 1146 3596 sequatur.

557 3600 605 3648 9.
640 3598 857 3663 Brutus,
891 3614 933 3651 S.
970 3615 1033 3649 zu
1074 3596 1130 3650 V.
1161 3602 1205 3663 1,
1234 3600 1279 3652 1.

470 3657 473 3662 '
562 3667 641 3716 10.
660 3667 889 3730 Aristus,
920 3681 1024 3717 von
1047 3666 1286 3730 Ascalon,
1304 3664 1507 3719 Akade-

490 3730 656 3781 miker
667 3731 717 3781 in
730 3730 916 3795 Athen,
935 3734 1069 3784 einst
1086 3732 1177 3784 des
1192 3731 1380 3785 Brutus
1401 3734 1506 3786 und

493 3797 669 3849 Cicero
680 3798 864 3851 Lehrer
872 3799 976 3850 und
987 3798 1201 3862 Freund,
1211 3798 1405 3852 Bruder
1413 3802 1505 3853 des

492 3864 691 3916 Antio
707 3865 882 3917 chuS.
940 3864 1057 3933 Vgl.
1093 3882 1155 3918 zu
1190 3867 1267 3923 111.
1304 3871 1385 3933 25,
1423 3873 1504 3923 59.

1609 2300 1808 2348 virtute
1842 2296 2052 2359 confici,
2088 2300 2154 2359 si,
2190 2299 2334 2363 quod
2357 2300 2637 2349 honestum

1607 2368 1697 2431 sit,
1730 2365 1793 2415 id
1810 2366 1983 2416 solum
2011 2369 2086 2415 sit
2107 2367 2318 2417 bonum.
2354 2365 2474 2432 vgl.
2501 2366 2632 2419 auch

1609 2449 1675 2484 zu
1714 2434 1795 2498 28,
1832 2434 1917 2486 82.

1681 2503 1762 2554 12.
1806 2500 1885 2552 Tu
1919 2517 2064 2568 vero,
2089 2495 2168 2553 'ut
2199 2501 2432 2565 videtur,
2471 2502 2574 2554 wie
2598 2500 2633 2554 1.

1610 2572 1659 2632 9,
1698 2570 1777 2622 17.

1683 2639 1763 2689 14.
1781 2651 1953 2702 saepe,
1965 2634 2042 2687 als
2055 2650 2109 2687 er
2117 2632 2206 2687 der
2219 2634 2430 2688 Studien
2449 2652 2634 2703 wegen

1610 2704 1662 2755 in
1691 2704 1861 2755 Athen
1897 2704 2008 2755 sich
2044 2702 2261 2755 aufhielt
2295 2706 2382 2767 (79
2407 2719 2458 2759 v,
2480 2705 2632 2769 Chr.).

1683 2775 1761 2825 15.
1798 2788 1998 2838 nuper,
2053 2774 2118 2825 50
2153 2787 2203 2824 v,
2239 2771 2372 2835 Chr..
2422 2772 2509 2824 hei
2546 2772 2634 2825 der

1611 2839 1888 2892 Rdckkehr
1921 2855 2014 2892 aus
2049 2838 2278 2891 Cilicien.

1624 2962 1644 2974 „
1683 2911 1744 2961 17
1749 2946 1762 2960 .
1787 2911 2082 2974 sapientem
2105 2924 2214 2958 esse
2228 2923 2402 2974 poue.
2454 2906 2634 2959 Dieser

1611 2975 1885 3042 Ubergang
1927 2976 1981 3026 in
2025 2975 2109 3027 die
2145 2975 2345 3027 Konstr.
2384 2975 2476 3026 des
2509 2975 2633 3027 Ace.

1607 3060 1652 3097 c.
1699 3044 1793 3100 Ins.
1839 3042 2000 3095 findet
2053 3043 2186 3096 nach
2230 3045 2407 3094 videri
2451 3044 2635 3095 immet

1610 3115 1763 3174 statt,
1827 3126 1980 3163 wenn
2032 3112 2263 3164 mehrere
2314 3111 2407 3163 lnf.
2462 3111 2632 3163 davon

1610 3180 1879 3246 abhingen
1915 3177 2020 3231 und
2046 3195 2106 3231 zu
2131 3179 2245 3231 dem
2272 3179 2509 3246 spateren
2548 3179 2631 3231 ein

1611 3271 1769 3311 neues
1798 3254 2252 3328 Subj.·hinzutritt.
2288 3249 2510 3312 Ahnltch
2536 3261 2634 3311 mit

1612 3327 1745 3378 dici:
1784 3326 1847 3379 de
1882 3332 2010 3380 orat.
2045 3327 2103 3383 ΙΙ.
2139 3330 2222 3389 72,
2248 3330 2371 3381 299:
2410 3329 2632 3394 quidam

1611 3394 1800 3445 doctus
1834 3398 1988 3446 homo
2019 3400 2299 3447 accessisse
2321 3397 2525 3447 dicitur
2548 3397 2635 3446 'ei-

1612 3478 1715 3527 que
1731 3465 2008 3528 pollicitus
2031 3480 2141 3515 esse
2160 3493 2227 3503 —
2252 3464 2453 3515 dimisse
2475 3464 2631 3515 illum

1609 3531 1902 3591 doctorem;
1941 3532 2047 3583 Cat.
2074 3530 2141 3584 Μ.
2172 3535 2251 3597 18,
2277 3534 2370 3586 63:
2408 3547 2630 3583 consur-

1606 3602 1812 3650 rexisse
1835 3599 1930 3671 illi,
1950 3600 2206 3651 dicuntur
2227 3629 2294 3639 —
2321 3600 2522 3651 dixisse
2558 3618 2629 3652 ew

1610 3668 1684 3716 iis
1718 3669 1998 3732 quendam.

1676 3735 1757 3787 22.
1804 3751 1939 3803 quae
1976 3751 2201 3801 genere,
2244 3751 2354 3787 non
2397 3750 2625 3787 numero

1608 3807 1975 3854 cernerentur:
2034 3798 2266 3855 ‘welche
2335 3803 2625 3871 qualitativ,

1607 3869 1749 3921 nicht
1773 3870 2083 3937 quantitativ
2099 3871 2361 3923 bestimmt
2377 3865 2624 3925 wurden’.

2371 4011 2436 4042 &a
