2834 4317
935 127 1123 180 LlssssR
1158 130 1193 182 1.
1231 134 1279 196 5,
1316 132 1364 182 9.
1405 132 1487 183 10.
1527 132 1574 181 6.
2253 130 2330 187 31

194 300 316 359 Nam
343 299 389 361 si
434 299 602 361 solos
644 318 748 361 eos
776 300 1003 362 diceres
1034 301 1301 375 miseroS,
1348 300 1565 380 quibus
1595 301 1971 363 moriendum
2017 311 2190 378 esset,
2223 323 2331 365 ne-

192 385 387 446 minem
415 394 485 447 tu
517 384 759 464 quidem
791 404 1021 462 eorum,
1056 387 1156 466 qui
1186 386 1473 461 viverent,
1504 386 1810 466 exciperes
1840 421 1923 433 —
1955 388 2331 450 moriendum

193 481 265 532 est
290 471 442 531 enim
477 470 759 534 omnibus
781 508 882 547 —,
914 482 1072 534 esset
1101 482 1296 533 tamen
1323 471 1594 534 miseriae
1626 472 1761 533 finis
1787 472 1851 532 in
1882 482 2105 548 morte;
2138 492 2331 552 quon-

190 555 286 616 iam
328 565 526 618 autem
594 556 764 619 etiam
812 558 1030 619 mortui
1074 558 1277 619 miseri
1321 567 1495 630 sunt,
1553 557 1616 618 in
1675 557 1972 620 miseriam
2032 560 2333 620 nascimur

143 642 614 720 5sempiternam.
686 642 940 705 Necesse
983 651 1075 704 est
1117 643 1276 704 enim
1320 643 1571 705 miseros
1616 662 1744 704 esse
1787 661 1910 716 eoS,
1957 644 2059 723 qui
2090 653 2330 705 centum

190 727 402 788 milibus
442 745 747 789 annorum
789 737 928 789 ante
959 728 1328 803 occiderunt,
1369 727 1463 789 vel
1493 727 1693 807 potius
1724 729 1940 801 omnis,
1972 730 2331 808 quicumque

192 813 293 872 nati
334 822 492 874 sunt.
578 813 644 874 A.
688 812 773 873 lta
815 832 1064 893 prorsus
1109 813 1399 876 existimo.

1487 813 1571 874 M.
1615 813 1742 886 Dic,
1788 832 2036 893 quaeso:
2086 832 2227 875 num
2274 823 2332 876 te
2379 825 2434 874 10

92 947 93 954 ,
193 897 270 957 illa
296 906 543 971 terrent,
591 899 812 978 triceps
842 900 996 977 apud
1027 900 1254 961 inferos
1285 899 1597 974 CerberuS,
1645 898 1848 979 Cocyti
1878 900 2166 975 fremitus,
2212 907 2329 960 tra-

90 979 91 986 ’
194 983 357 1044 vectio
385 983 765 1057 Acherontis,

132 1077 165 1125 ιο
521 1069 721 1130 Mento
753 1088 1040 1131 summam
1069 1074 1279 1150 aquam
1310 1074 1599 1148 attinqens
1627 1071 1855 1131 eneruis
1883 1073 1984 1131 siti

194 1152 465 1230 Tantalus,
499 1166 632 1215 tum
662 1154 826 1229 illud,
861 1154 1016 1233 quod

1327 1238 1603 1319 Sisyphus
1644 1248 1835 1300 versat

497 1324 735 1387 Samum
776 1326 992 1387 sudans
1033 1324 1264 1387 nitendo
1308 1342 1488 1404 neque
1526 1325 1758 1404 proficit
1802 1322 2006 1393 hilum,

200 1407 412 1472 fortasse
436 1411 619 1472 etiam
643 1410 1036 1472 inexorabiles
1058 1409 1301 1483 iudices,
1326 1408 1522 1470 Minos
1546 1418 1604 1469 et
1621 1404 2146 1469 Rhadamanthus?
2171 1409 2325 1486 apud

138 1501 171 1550 15
200 1510 322 1571 quos
348 1515 460 1558 nec
492 1504 558 1557 te
587 1495 654 1556 L.
689 1496 930 1557 Crassus
960 1496 1239 1556 defendet
1271 1513 1383 1556 nec
1414 1495 1491 1554 M.
1524 1494 1822 1555 Antonius
1867 1512 1999 1569 nec,
2047 1493 2324 1573 quoniam

202 1581 326 1657 apud
355 1581 619 1643 Graecos
650 1581 877 1643 iudices
905 1599 1004 1642 res
1034 1591 1260 1660 agetur,
1290 1580 1517 1661 poteris
1549 1580 1827 1641 adhibere
1858 1578 2328 1642 Demosthenen:

201 1663 414 1745 tibiipsi
444 1685 562 1748 pro
595 1676 653 1728 te
685 1667 795 1727 erit
824 1666 1076 1727 maxima
1106 1684 1329 1727 corona
1361 1684 1538 1727 causa
1562 1666 1829 1728 dicenda.
1889 1664 2049 1726 Haec
2079 1665 2327 1724 fortasse

201 1752 381 1814 metuis
410 1762 470 1814 et
509 1752 736 1813 idcirco
779 1760 1035 1812 mortem
1080 1769 1290 1812 censes
1332 1770 1461 1813 esse
1503 1751 1932 1830 sempiternum
1964 1750 2202 1811 malum.
2263 1749 2327 1809 A.

199 1834 410 1899 Adeone
438 1856 541 1898 me
571 1837 820 1898 delirare
851 1856 1077 1911 censeS,
1108 1846 1178 1897 ut
1204 1837 1313 1898 ista
1345 1855 1474 1898 esse
1504 1833 1784 1897 credam?
1845 1834 1929 1895 M.
1961 1835 2052 1897 An
2084 1845 2151 1896 tu
2180 1834 2325 1895 haec
2360 1841 2397 1894 6

133 1927 170 1977 2⁰
199 1938 298 1981 non
326 1919 560 1984 credis?
619 1924 685 1984 A.
718 1922 959 1983 Minime
987 1941 1148 1984 vero.
1208 1921 1290 1983 Μ.
1325 1922 1473 1983 Male
1505 1921 1748 1982 hercule
1781 1939 2005 1982 narras.
2063 1921 2129 1981 A.
2163 1917 2327 1980 Cur?

194 2023 411 2084 quaeso.
471 2006 560 2070 M.
594 2007 744 2079 Quia
790 2009 1043 2070 disertus
1083 2027 1213 2069 esse
1261 2026 1519 2087 possem,
1565 2007 1614 2069 si
1658 2015 1867 2068 contra
1910 2008 2020 2068 iste
2051 2006 2328 2066 dicerem.

255 2178 297 2226 1.
335 2176 676 2228 moriendum
717 2181 864 2228 esset.
928 2175 1029 2228 Das
1052 2176 1196 2242 lmpf.

201 2239 325 2307 Conj.
375 2248 505 2296 statt
557 2245 649 2296 des
703 2243 985 2296 deutschen
1039 2243 1200 2309 Pras,

201 2309 287 2362 wie
316 2312 644 2378 regelmiifsig
678 2312 729 2364 in
778 2311 869 2365 der
901 2312 1200 2377 Abhiingig·

199 2374 294 2430 keit
336 2395 434 2432 von
496 2380 667 2433 einem
724 2379 757 2431 h
799 2381 996 2448 pothet.
1052 2379 1200 2444 Conj.

197 2444 325 2514 lmps.
360 2449 484 2501 oder
521 2396 819 2516 Plusqupffi
862 2449 967 2515 vgl.
1003 2446 1081 2499 ΙΙΙ.
1121 2451 1203 2512 16,

199 2514 278 2567 35:
327 2533 461 2582 quae
516 2521 688 2568 essent
734 2519 946 2569 homine
997 2517 1204 2582 dignis·

200 2598 336 2636 sima.

257 2656 303 2707 7.
366 2668 499 2705 num
568 2657 620 2703 te
669 2653 769 2704 illa
823 2657 1026 2705 tem-ent
1069 2654 1204 2704 cet.‘?

199 2716 260 2774 So
307 2721 441 2788 fragt
484 2719 583 2785 M„
641 2736 728 2773 um
783 2721 879 2774 den
931 2722 992 2774 A.
1047 2719 1206 2773 durch

200 2788 333 2841 einen
366 2789 706 2855 Trugschlut's
755 2791 942 2855 (6,11:
979 2787 1041 2840 Sa·
1074 2805 1204 2854 ergo

201 2859 331 2921 apud
348 2855 560 2919 inferos
582 2860 700 2920 cet.)
719 2873 781 2909 zu
808 2858 922 2910 dem
949 2856 1206 2909 Bekennt-

202 2924 271 2976 nis
302 2941 362 2978 zu
397 2926 628 2991 utingen,
665 2925 781 2977 dass
819 2925 901 2978 die
927 2924 1202 2977 Menschen

203 2993 316 3045 nach
368 2994 488 3046 dem
533 2993 677 3046 Tode
731 2995 1019 3061 uberhaupt
1064 2993 1207 3045 nicht

202 3061 329 3113 mehr
367 3062 662 3115 existieren.

262 3133 336 3183 10.
362 3134 561 3196 aqilam
585 3130 655 3182 ist
678 3129 941 3196 dreisilbig
965 3145 1028 3181 zu
1047 3128 1206 3181 lesen.

204 3194 378 3251 Woher
401 3198 582 3250 'dieser
606 3198 858 3250 Trimeter
881 3203 1103 3260 stammt,
1141 3197 1210 3248 ist

202 3266 503 3319 unbekannt.

264 3337 340 3388 12.
392 3335 655 3402 Sisyphus
699 3363 763 3373 —
809 3335 994 3385 hilum.
1064 3332 1209 3385 Nach

203 3397 386 3455 Becker
409 3404 498 3466 (im
524 3403 827 3467 Philologus
843 3402 898 3455 ll.
927 3401 979 3453 S.
999 3402 1085 3464 37)
1120 3416 1213 3453 aus

203 3467 426 3524 LuciliuS.
497 3471 572 3534 (G.
608 3471 859 3535 Lucilius,
895 3471 1011 3535 geb.
1048 3469 1216 3520 wahr-

204 3539 468 3591 scheinlich
508 3542 621 3603 180,
661 3541 802 3592 hatte
835 3545 986 3591 unter
1020 3538 1215 3590 seiuem

205 3603 418 3659 Freunde
444 3607 619 3673 Scipio
643 3609 798 3659 Afric.
823 3622 916 3658 vor
940 3606 1213 3658 Numantia

205 3675 413 3739 gedient,
450 3676 654 3729 schrieb
691 3680 756 3729 30
781 3675 981 3727 Βῦοὴει·
1013 3678 1216 3725 satirae

205 3743 298 3794 und
320 3746 454 3798 starh
482 3747 576 3798 103
603 3762 652 3797 v,
675 3745 825 3808 Chr.).
876 3743 933 3796 In
952 3743 1219 3810 Sisyphus

207 3809 267 3862 ist
296 3811 383 3865 das
415 3829 446 3867 s
481 3814 614 3866 nach
650 3813 739 3865 'der
764 3811 1104 3865 Gewohnheit
1128 3810 1218 3863 der

1304 2175 1501 2228 alteren
1545 2174 1752 2227 Dichter
1798 2190 1863 2226 zu
1910 2174 2187 2237 elidieren,
2234 2173 2333 2225 wie

1304 2244 1436 2295 auch
1471 2246 1520 2309 9,
1545 2246 1611 2298 18
1649 2243 1733 2295 bei
1760 2242 1961 2304 Aelius:
2006 2245 2083 2306 15,
2109 2243 2176 2293 34
2211 2258 2259 2294 u.
2286 2244 2335 2293 ὃ.

1308 2309 1427 2378 Vgl.
1464 2317 1591 2363 orat.
1617 2314 1700 2374 48,
1731 2313 1846 2364 161.

1376 2397 1458 2447 15.
1488 2394 1553 2448 L.
1593 2395 1815 2447 Crassus
1846 2423 1918 2436 -—
1960 2394 2031 2445 M.
2050 2393 2338 2457 Antonius,

1306 2479 1348 2516 s.
1385 2464 1522 2515 oben
1558 2478 1620 2513 zu
1659 2465 1706 2525 3,
1733 2467 1780 2515 5.
1840 2462 1894 2513 ln
1931 2460 2020 2512 der
2046 2459 2238 2511 Schrift
2272 2461 2337 2510 de

1308 2536 1530 2585 oratore
1563 2529 1685 2582 laist
1708 2529 1886 2581 Cicero
1912 2530 1987 2581 sie
2025 2526 2174 2580 beide
2212 2527 2338 2579 iiber

1307 2600 1390 2652 die
1428 2597 1814 2651 Beredsamkeit
1848 2596 2180 2664 disputieren.

1377 2669 1649 2733 quoniam,
1686 2681 1797 2718 was
1820 2666 1904 2718 ich
1929 2679 2052 2732 sage
2077 2664 2202 2717 oder
2225 2679 2336 2716 was

1308 2751 1426 2788 man
1464 2738 1716 2787 erwarten
1753 2734 1925 2799 sollte,
1960 2733 2193 2795 weil—3
2231 2733 2338 2799 vgl.

1313 2808 1392 2868 17,
1417 2808 1513 2857 41:
1550 2820 1619 2855 ne
1652 2806 1849 2855 iaceat.
2203 2810 2210 2817 '

1381 2892 1461 2942 16.
1497 2889 1912 2951 Demosthenen,
1969 2887 2071 2939 wie
2128 2890 2209 2950 10,
2247 2888 2338 2938 21:

1310 2959 1676 3022 Pherecratem,
1713 2956 1815 3009 und
1842 2955 2130 3021 uberhaupt
2155 2955 2232 3005 ot't
2256 2954 2341 3005 bei

1309 3024 1460 3077 Nom.
1506 3041 1674 3092 propr.
1726 3024 1815 3077 der
1866 3028 1914 3078 3.
1951 3022 2097 3076 Dekl.
2149 3022 2239 3075 auf
2272 3038 2341 3073 es.

1384 3115 1462 3163 17.
1498 3114 1739 3161 maxima
1776 3125 1977 3162 corona
2030 3124 2126 3160 vor
2171 3108 2338 3158 einem

1312 3180 1431 3299 ssshr
1450 3178 1771 3230 zahlreichen
1792 3175 2202 3240 Zuhorerkreise‚
2226 3173 2345 3226 Abl.

1313 3263 1340 3299 a
1381 3262 1422 3298 S.

1383 3334 1465 3385 20.
1511 3330 1652 3383 Male
1680 3346 1908 3393 narras,
1951 3330 2022 3379 im
2058 3326 2344 3393 Sprachge-

1317 3399 1539 3452 brauche
1575 3397 1667 3450 des
1702 3399 1970 3464 gemeinen
2007 3395 2204 3447 Lebens
2238 3394 2346 3447 und

1318 3469 1408 3521 der
1432 3467 1709 3520 Komodie:
1746 3466 1837 3517 das
1861 3466 1930 3516 ist
1954 3464 2049 3515 mir
2075 3464 2217 3515 nicht
2240 3463 2344 3515 lieb

1317 3552 1382 3588 zu
1419 3537 1593 3589 horen.
1667 3534 1736 3587 So
1782 3534 1914 3585 auch
1962 3535 2091 3584 bene
2125 3548 2348 3599 sperare

1319 3605 1477 3658 Gutes
1514 3602 1711 3666 hoffen,
1757 3605 1953 3668 optime
1986 3603 2188 3652 sentire
2221 3617 2273 3652 u.
2300 3617 2349 3652 a.

1389 3677 1471 3726 21.
1510 3673 1648 3737 Quia
1684 3671 1918 3722 disertus
1954 3676 2049 3723 cet.
2097 3669 2218 3722 weil
2262 3668 2348 3720 ich

1321 3742 1488 3793 meine
1567 3738 1908 3792 dialektische
1989 3735 2349 3790 Gewandtheit

1320 3811 1500 3876 zeigen
1535 3808 1749 3861 konnte.
1819 3806 1943 3858 Dat's
1990 3806 2084 3856 mit
2118 3805 2349 3855 disertus
