2834 4317
134 1128 196 1179 10

57 1543 71 1558 ·
131 1517 222 1606 ι5’

133 1983 197 2033 20

1029 180 1218 234 LIBER
1252 181 1319 236 V.
1351 186 1402 247 7,
1427 185 1506 237 19.
1527 185 1607 236 20.
2271 184 2392 242 115

244 352 489 432 plicant,
520 352 594 413 de
625 371 744 431 quo
773 363 912 415 ante
944 354 1092 416 nihil
1119 355 1406 435 scriptum
1436 363 1556 429 est3
1595 354 1930 436 philosophi
1959 372 2395 436 quamcumque

245 456 374 498 rem
411 437 635 498 habent
681 440 742 500 in
787 439 1090 513 manibuS‚
1153 439 1214 501 in
1247 457 1375 501 eam
1424 458 1574 519 quae
1625 440 2006 514 conveniunt,
2060 449 2397 521 congerunt

248 523 464 596 omnia,
501 523 641 617 αἰξὶ
643 524 918 617 123!pooe
950 524 1243 605 disputata
1273 534 1432 587 sunt.
1493 524 1666 596 Quod
1696 525 1759 596 ni
1787 524 1865 585 ita
1896 532 2068 599 esset,
2100 544 2207 587 eur
2237 527 2394 588 Stoi·

246 627 384 681 eus,
428 608 478 669 si
508 599 664 670 esse‘t
694 590 1029 687 quaesslffffi
1052 607 1274 672 satisne
1302 610 1375 670 ad
1413 610 1582 672 beate
1622 609 1935 672 vivendum
1961 610 2145 671 virtus
2172 621 2391 690 posset,

245 693 429 754 multa
457 692 725 754 diceret?
777 695 873 755 oui
911 695 1051 757 satis
1088 704 1244 757 esset
1271 696 1638 774 respondere
1677 714 1741 756 se
1782 703 1920 755 ante
1951 695 2219 757 docuisse
2247 697 2394 758 nihil

245 777 475 839 bonum
503 797 652 854 esse,
684 780 799 841 nisi
835 780 996 860 quod
1024 780 1342 841 honestum
1371 789 1552 856 esset,
1585 780 1700 841 hoc
1727 779 1978 860 probato
2020 799 2393 860 consequens

246 882 376 924 esse
405 863 636 928 beatam
664 864 843 926 vitam
888 866 1103 925 virtute
1135 884 1263 927 esse
1295 874 1669 938 contentam,
1714 873 1773 926 et
1815 883 1934 944 quo
1966 866 2143 927 modo
2173 861 2287 927 hoc
2315 866 2395 927 sit

246 967 627 1027 consequens
656 949 770 1023 illi,
812 950 898 1011 sic
927 950 1068 1011 illud
1099 951 1271 1024 huie,
1312 960 1410 1026 ut,
1451 951 1501 1012 si
1529 951 1695 1012 beata
1724 950 1838 1010 vita
1866 951 2081 1012 virtute
2112 952 2393 1013 contenta

245 1034 351 1108 sit,
396 1032 521 1096 nisi·
550 1034 868 1096 honestum
902 1035 1059 1114 quod
1090 1035 1195 1108 sit,
1239 1035 1387 1097 nihil
1430 1035 1587 1097 aliud
1630 1036 1706 1097 sit
1734 1034 1980 1097 bonum.
2052 1036 2169 1097 Sed
2195 1045 2393 1098 tamen

248 1137 372 1179 non
403 1126 589 1198 agunt
616 1119 700 1180 sie
717 1138 733 1194 ;
774 1138 913 1181 nam
942 1128 1000 1181 et
1027 1121 1102 1181 de
1128 1122 1381 1182 honesto
1412 1129 1472 1182 et
1502 1121 1575 1182 de
1618 1139 1851 1182 summo
1881 1120 2044 1182 bono
2078 1122 2393 1200 separatim

244 1204 383 1265 libri
412 1212 584 1272 sunt,
629 1213 866 1266 et.oum
905 1224 976 1266 ex
1019 1225 1089 1267 eo
1133 1206 1422 1267 efficiatur
1465 1206 1604 1302 satis
1637 1223 1915 1284 magnam
1956 1206 2018 1267 in
2065 1206 2278 1266 virtute
2319 1207 2428 1267 ad’

1455 1293 1466 1297 -
1515 1277 1540 1296 Β.

244 1288 415 1350 beate
457 1289 770 1350 vivendum
817 1309 946 1351 esse
988 1291 1137 1365 vim,
1190 1265 1778 1366 nibisffimusffioe
1821 1299 2006 1370 agunt
2056 1291 2410 1370 separatim:

247 1374 512 1453 Propriis
559 1375 716 1435 enim
740 1381 824 1436 ‘et
867 1375 988 1437 suis
1032 1376 1394 1454 argumentis
1438 1384 1497 1436 et
1539 1371 2039 1437 admonitionibus
2089 1376 2393 1437 tractanda

246 1477 516 1538 quaeque
557 1477 656 1521 res
700 1455 816 1534 est,
861 1469 1022 1538 tanta
1061 1479 1270 1540 praese
1302 1462 1428 1542 tim.
1501 1460 1649 1522 Cave
1691 1460 1848 1521 enim
1894 1470 2067 1540 putes
2108 1461 2285 1521 ullam
2328 1462 2389 1522 in

240 1543 617 1624 philosophia
644 1535 1213 1646 veremissm‘e
1256 1609 1273 1614 ‚⁷
1300 1547 1487 1626 iorem
1530 1546 1786 1606 ullumve
1816 1563 1944 1606 esse
1986 1545 2394 1626 philosophiae

243 1630 604 1709 promissum
633 1599 673 1692 {i
702 1620 877 1692 ”erius
904 1616 1239 1705 autffliffifi‘s.
1352 1611 2010 1711 amffffiffprofitetur?
2054 1638 2096 1692 'o
2130 1630 2188 1692 di
2218 1630 2392 1693 boni!

244 1715 643 1793 perfecturam
673 1733 770 1790 se,
813 1717 916 1794 qui
945 1716 1176 1796 legibus
1203 1717 1325 1778 suis
1478 1717 1659 1778 uisset
1730 1728 1797 1777 ut
1827 1723 1982 1777 esset
2023 1724 2229 1777 eontra
2269 1717 2392 1777 for-

243 1810 449 1860 tunam
491 1818 725 1879 semper
765 1809 1055 1875 armatus‚
1099 1810 1166 1862 ut
1195 1789 1292 1863 oin
1338 1802 1394 1862 ia
1434 1763 1728 1881 praesidia
1742 1790 1997 1863 haberet
2036 1802 2098 1863 in
2130 1819 2194 1863 se
2236 1802 2392 1863 bene

242 1885 535 1963 beateque
563 1885 822 1961 vivendi,
868 1895 935 1947 ut
965 1895 1120 1948 esset
1159 1905 1394 1967 semper
1436 1887 1695 1965 denique
1736 1885 1962 1948 beatus.
2035 1885 2153 1947 Sed
2195 1887 2393 1948 videro

243 1970 387 2048 quid
428 1970 658 2031 efficiat.
732 1971 1044 2052 Tantisper
1085 1972 1200 2033 hoc
1227 1972 1424 2051 ipsum
1465 1971 1662 2051 magni
1690 1972 1963 2046 aestimo,
2018 1972 2176 2050 quod
2216 1971 2392 2051 polli-

246 2063 434 2116 cetur.
494 2055 641 2115 Nam
671 2054 894 2117 Xerxes
924 2056 1161 2134 quidem
1190 2058 1445 2119 refertus
1485 2056 1760 2118 omnibus
1799 2056 2074 2137 praemiis
2103 2055 2393 2135 donisque

245 2141 543 2213 fortunae,
576 2159 698 2201 non
732 2142 1014 2221 equitatu,
1046 2161 1168 2202 non
1199 2142 1570 2222 pedestribus
1598 2142 1803 2221 copii5‚
1833 2160 1958 2203 non
1983 2141 2219 2202 navium
2239 2143 2392 2203 mul-

242 2225 530 2300 titudine,
563 2243 687 2287 non
716 2225 952 2288 infinito
981 2228 1247 2307 pondere
1275 2227 1405 2289 auri
1436 2235 1783 2301 contentuS‚
1813 2226 2141 2305 praemium
2167 2243 2390 2307 propo-

318 2362 365 2412 1.
389 2358 532 2410 nihil
551 2363 811 2425 seriptum
836 2364 929 2412 est.
982 2360 1157 2412 Cicero
1181 2360 1271 2412 hat
1375 2359 1493 2411 dem
1546 2358 1913 2411 Schriftsteller
1964 2358 2096 2410 nach
2147 2358 2390 2412 emissam

243 2426 357 2479 also
382 2426 494 2479 hier
518 2426 661 2479 nicht
695 2427 1120 2480 mathematisehe
1140 2427 1271 2480 Vor-
1372 2444 1481 2478 esse
1503 2426 1585 2479 die
1615 2426 1960 2492 Verbeifsung'
1978 2427 2056 2478 als
2080 2427 2194 2479 eine
2217 2427 2390 2481 frfiher

243 2496 407 2560 trago,
427 2494 650 2547 sondern
667 2494 990 2549 Lehrbficher
1005 2497 1074 2547 im
1095 2495 1268 2552 Sinne.
1371 2494 1791 2563 stattgefundene
1839 2495 2235 2561 vorgeschwebt
2283 2496 2387 2550 hat.

313 2565 363 2617 2.
388 2566 447 2613 in
471 2578 587 2613 eam
623 2563 805 2628 gehort
830 2579 891 2616 zu
917 2567 1267 2616 conveniunt:
1369 2562 1489 2630 Vgl.
1526 2579 1590 2615 zu
1630 2561 1710 2615 111.
1750 2566 1830 2625 15,
1856 2565 1949 2616 32:
1986 2566 2228 2617 venisset.

248 2646 360 2683 was
396 2629 556 2683 damit
589 2631 643 2683 in
679 2630 976 2698 Beziehung
1010 2633 1163 2685 steht.
1444 2635 1523 2687 19.
1561 2631 1667 2683 Sed
1699 2632 1899 2683 videro.
1965 2629 2082 2697 Vgl.
2104 2630 2162 2684 ll.
2188 2635 2270 2698 11,
2293 2635 2386 2686 26:

323 2702 372 2750 7.
424 2715 528 2766 quo
589 2700 745 2764 modo
808 2701 908 2751 hoc
961 2704 1035 2751 sit
1090 2716 1268 2752 come-
1366 2715 1498 2751 mox
1529 2699 1732 2752 videro.
2358 2747 2362 2752 .

242 2783 428 2832 quem.
498 2766 600 2818 Der
642 2766 914 2834 Uber-gang
956 2783 1072 2820 zum
1122 2769 1267 2834 Gonj.
1439 2770 1523 2821 20.
1563 2767 1844 2834 Tantisper
1869 2757 2252 2829 ‘einstweilen'.
2490 2829 2495 2834 ‚

238 2833 536 2887 Praesentis
571 2835 641 2887 ist
677 2834 900 2887 dadurch
925 2852 992 2887 zu
1016 2835 1266 2902 erkffiren,
1440 2838 1521 2889 21.
1579 2834 1722 2887 Nam
1772 2835 1975 2887 Xerxes
2027 2835 2238 2900 quidem
2289 2841 2387 2890 cet.

241 2902 356 2954 dats
404 2901 520 2954 dem
558 2901 929 2956 Schriftsteller
979 2904 1062 2955 bei
1098 2911 1150 2956 et
1183 2905 1267 2958 ein
1366 2902 1544 2956 Dieser
1568 2902 1688 2956 Satz
1720 2903 1790 2955 ist
1814 2902 2015 2969 logisch
2051 2902 2165 2955 dem
2189 2903 2388 2972 folgen-

240 2972 386 3022 dicet
416 2970 666 3036 (Stoicus)
702 2972 1077 3024 vorschwebte.
1368 2972 1469 3024 den
1493 2970 1837 3024 subordiniert
1859 2997 1926 3016 ===
1950 2986 2070 3022 cum
2091 2972 2296 3024 Xerxes
2319 3002 2388 3011 —

326 3041 405 3092 13.
457 3040 704 3104 Propriis
757 3045 810 3091 et
852 3043 966 3091 suis
1001 3032 1120 3091 ‘mit
1165 3040 1266 3092 den
1348 3041 1727 3106 proposuerit,
1765 3037 1868 3092 und
1893 3037 2036 3091 Nam
2058 3039 2242 3106 gehort
2274 3040 2386 3092 also

240 3107 323 3158 ihr
369 3107 806 3172 cigentfimliehen
848 3109 954 3161 und
997 3107 1265 3174 zugehfiri-
1366 3107 1619 3160 vielmehr
1653 3122 1718 3159 ιιι
1742 3106 1858 3160 dem
1883 3106 2030 3160 Satz:
2065 3106 2179 3159 Nos
2202 3109 2388 3160 vellem

241 3169 385 3240 gen'.
441 3173 556 3241 Vgl.
590 3174 627 3227 1.
666 3177 749 3239 29,
787 3179 868 3228 70.
1367 3180 1485 3241 eet„
1537 3174 1627 3227 der
1670 3175 1783 3228 eine
1821 3175 2127 3242 Steigerung
2170 3176 2384 3230 euthalt.

313 3244 391 3294 15.
416 3243 722 3308 clariorem,
748 3243 898 3295 niiml.
918 3245 996 3296 als
1015 3245 1104 3297 der
1119 3244 1258 3308 Satz‚
1363 3242 1504 3295 Uber
1537 3242 1748 3308 quidem
1784 3259 1826 3296 S.
1862 3259 1927 3295 zu
1961 3242 1998 3293 1.
2025 3245 2105 3306 33,
2141 3244 2222 3296 80.
2292 3241 2385 3296 Die

238 3310 355 3362 dats
381 3310 463 3362 die
489 3309 711 3377 'rugend
741 3327 830 3363 ιιιι·
854 3311 1262 3379 Glfickseligkeit
1363 3309 1636 3363 Anekdote
1672 3311 1800 3363 wird
1839 3310 2079 3377 ubrigens
2113 3311 2244 3364 auch
2278 3326 2384 3363 von

237 3382 470 3446 geuuge3
507 3379 613 3446 vgl.
654 3381 701 3443 1,
740 3382 799 3433 1:
834 3382 979 3432 nihil
1010 3386 1088 3432 est
1121 3385 1261 3433 enim
1362 3378 1546 3431 Darius
1581 3378 1937 3432 Codomannus
1972 3379 2034 3442 (s.
2057 3377 2244 3431 Athen.
2278 3377 2383 3432 ΧΠ.

240 3449 477 3497 omnium
501 3475 585 3511 —‚
622 3448 767 3513 quod
789 3451 1020 3513 gravius
1052 3452 1264 3515 magni—
1364 3462 1415 3514 p.
1451 3449 1549 3501 515
1582 3447 1653 3510 b.)
1688 3446 1792 3500 und
1818 3446 1916 3498 den
1950 3445 2248 3513 persischen
2280 3445 2386 3498 Κό-

234 3515 586 3580 Ῑὶοοηιίωφιε
621 3516 852 3571 dieamr.
1364 3516 1522 3581 nigen
1578 3516 1864 3582 uberhaupt
1926 3514 2017 3580 (ib.
2051 3512 2135 3566 IV.
2175 3530 2227 3583 p.
2268 3517 2387 3581 144)

326 3584 403 3636 16.
448 3583 754 3650 profitetur,
806 3600 847 3638 s,
883 3600 949 3637 zu
980 3583 1038 3640 11.
1084 3588 1134 3651 4,
1173 3587 1260 3639 12:
1365 3583 1576 3637 erziihlt.

224 3647 524 3718 professus.
1422 3655 1686 3717 praemiis
1735 3679 1802 3689 —
1853 3647 2137 3715 fortunae,
2188 3650 2240 3701 iu
2293 3649 2385 3703 der

308 3722 388 3773 17.
438 3720 714 3786 paruisset
766 3723 862 3775 cet.
933 3718 1082 3771 Diese
1127 3719 1260 3772 nach
1362 3720 1788 3787 urspn‘inglieben
1820 3718 2161 3785 angemeinen
2183 3717 2384 3771 Beden-

230 3787 528 3855 profitetur
545 3785 844 3854 ausffiliigen
863 3786 1148 3851 Konjunkt.
1170 3787 1260 3840 der
1362 3794 1492 3853 tung
1551 3792 1673 3853 (von
1714 3789 1896 3854 praefi
1964 3785 2190 3852 Vorteil,
2251 3788 2381 3839 Aus-

230 3855 489 3928 'Frater-ita
533 3854 719 3908 rfihren
756 3855 898 3909 wohl
935 3854 1108 3924 daher,
1142 3853 1258 3909 dass
1361 3855 1663 3923 zeichnung.

1900 3940 1975 3992 8*

2438 1047 2496 1098 19

2437 1897 2495 1948 2⁰

2509 448 2610 603 ἓ
