2834 4317
26 132 29 303 h
1025 171 1215 225 usna
1247 172 1324 226 111.
1362 175 1548 239 32‚·1·1.
2119 223 2127 232 .
2265 175 2348 234 49

199 345 360 406 illam
404 345 751 425 opinionem
792 345 1112 421 maerenti,
1158 346 1206 407 si
1249 365 1314 407 se
1359 346 1557 408 officio
1587 346 1755 427 fungi
1785 355 1953 428 putet
1982 347 2139 410 iusto
2169 357 2348 427 atque
2441 378 2450 387 ·

199 430 418 491 debito.
481 431 635 492 Sunt
670 430 849 491 etiam
879 431 982 510 qui
1028 431 1170 493 haec
1202 431 1399 493 omnia
1429 449 1648 511 genera
1677 432 2026 494 consolandi
2066 433 2350 514 colligant

201 549 288 560 —
311 515 461 576 alius
491 515 650 577 enim
681 515 795 577 alio
818 516 995 578 modo
1025 525 1295 579 movetur
1315 550 1419 590 ——,
1449 527 1518 578 ut
1547 519 1668 578 fere
1699 536 1810 580 nos
1840 518 1900 579 in
1930 517 2348 584 Consolatione

204 600 405 662 omnia
436 601 498 661 in
529 599 996 663 consolationem
1027 619 1209 662 unam
1241 602 1636 678 coniecimus3
1672 612 1801 664 erat
1830 603 1988 664 enim
2020 604 2079 664 in
2111 613 2346 666 tumore

122 693 153 744 5
202 686 439 748 animus
469 693 528 747 et
556 684 751 747 omnis
778 685 840 746 in
873 705 943 747 eo
972 685 1370 767 temptabatur
1398 688 1644 749 curatio.

375 772 489 832 Sed
531 770 886 832 sumendum
926 779 1159 851 tempus
1201 780 1293 833 est
1334 791 1460 834 non
1500 773 1701 835 minus
1729 773 1790 834 in
1823 773 2157 834 animorum
2184 791 2348 834 mor-

200 854 293 917 bis
324 874 497 935 quam
530 856 592 915 in
637 873 991 935 corporum,
1035 866 1099 917 ut
1143 857 1533 919 Prometheus
1575 858 1672 919 ille
1718 858 2027 940 Aeschyli,
2068 860 2165 921 cui
2209 876 2346 920 cum

197 940 422 1003 dictum
451 949 634 1003 esset:

22 1012 27 1163 J
506 1026 695 1106 Atqui,
731 1025 1081 1100 Promethea,
1113 1039 1167 1088 te
1191 1026 1294 1089 Ιιόο
1321 1037 1511 1089 tenere
1554 1032 1860 1102 existumo,

95 1117 155 1169 10
511 1111 735 1173 Modern·
754 1130 918 1192 posse
945 1116 1264 1174 orationem
1293 1112 1643 1184 iracundiae,

197 1195 538 1275 respondit:
1376 1228 1401 1255 ο

511 1279 583 1342 Sa·
608 1282 836 1362 quidem
866 1286 968 1362 qui
992 1286 1381 1363 tempestivam
1424 1282 1768 1343 medicinam
1798 1283 2106 1345 admovens

508 1365 642 1427 Non
685 1368 1087 1445 ddyravescens
1127 1366 1335 1428 volnus
1376 1366 1585 1428 mliddt
1610 1385 1812 1429 manu.

373 1450 504 1511 Erit
546 1451 729 1530 igitur
771 1452 834 1512 in
881 1450 1388 1513 consolationibus
1432 1451 1621 1531 prima
1666 1450 1954 1513 medicina
1997 1453 2212 1513 docere
2247 1463 2344 1514 aut

90 1542 151 1594 15
197 1536 431 1598 nullum
466 1536 684 1596 malum
718 1555 844 1598 esse
874 1545 977 1597 aut
1003 1537 1317 1598 admodum
1349 1552 1616 1616 parvum,
1648 1537 1828 1597 altera
1857 1547 1917 1597 et
1940 1538 2013 1599 de
2043 1538 2342 1599 communi

193 1621 550 1682 condicione
590 1622 738 1683 vitae
785 1629 844 1682 et
872 1622 1146 1702 proprie,
1187 1622 1236 1684 si
1281 1621 1425 1701 quid
1467 1621 1543 1683 sit
1578 1622 1695 1683 de
1678 1621 1891 1703 ipsius,
1938 1622 2039 1701 qui
2069 1634 2342 1697 maereat,

192 1706 638 1786 disputandum,
677 1707 849 1767 tertia
872 1725 1159 1768 summam
1193 1725 1321 1769 esse
1351 1706 1660 1768 stultitiam
1691 1708 1909 1769 frustra
1940 1707 2155 1770 confici
2184 1724 2345 1769 mae·

190 1809 366 1866 rore,
410 1809 545 1852 cum
588 1791 894 1870 intellegas
936 1791 1022 1852 nil
1062 1809 1238 1872 posse
1281 1792 1513 1872 profici.
1573 1792 1720 1853 Nam
1763 1791 2077 1854 Cleanthes
2105 1794 2342 1871 quidem

193 1876 527 1956 sapientem
571 1876 945 1952 consolatur,
991 1879 1093 1955 qui
1137 1877 1549 1939 consolatione
1595 1895 1719 1938 non
1765 1886 1916 1957 eget.
1983 1877 2139 1939 Nihil
2183 1879 2344 1941 enim

84 1966 145 2021 eo
187 1978 322 2023 esse
366 1962 600 2035 malum,
643 1963 801 2040 quod
833 1970 1007 2041 turpe
1039 1981 1162 2023 non
1206 1958 1303 2036 sit,
1348 1962 1398 2023 si
1427 1961 1656 2041 lugenti
1685 1962 2078 2043 persuaseris,
2126 1982 2246 2025 non
2278 1972 2346 2025 tu

190 2047 277 2108 ini
307 2046 559 2120 luctum,
591 2047 692 2108 sed
724 2046 1026 2109 stultitiam
1059 2047 1414 2120 detraxeris;
1461 2048 1720 2110 alienum
1749 2055 1945 2108 autem
1977 2057 2210 2128 tempus
2237 2049 2345 2110 do-

186 2132 389 2194 cendi.
463 2131 539 2192 Et
581 2141 780 2194 tamen
825 2151 944 2193 non
990 2133 1130 2195 satis
1170 2132 1313 2194 mihi
1354 2132 1586 2194 videtur
1628 2132 1837 2194 vidisse
1870 2134 1981 2194 hoc
2014 2132 2344 2206 Cleanthes,

2369 1417 2450 1473 32

2388 1500 2448 1548 77

264 2284 313 2336 1.
365 2285 416 2332 si
459 2309 527 2319 —-
557 2286 735 2347 putet,
794 2282 1093 2348 Epexegese
1152 2298 1215 2334 zu
1393 2285 1475 2335 12.
1502 2282 1564 2334 Si
1588 2283 1801 2347 quidem
1826 2274 1902 2346 ‘ja
1943 2297 2091 2335 wenn
2121 2276 2220 2347 —'‚
2244 2284 2347 2336 wie

189 2349 345 2400 illam
394 2352 719 2416 opinionem.
799 2349 914 2416 vgl.
949 2367 1013 2402 zu
1057 2352 1094 2403 1.
1132 2353 1215 2415 22,
1322 2350 1379 2402 ΙΙ.
1418 2353 1501 2414 17,
1538 2352 1631 2409 393
1668 2353 1763 2416 qui
1795 2375 1864 2395 =
1898 2353 2031 2415 quie.

188 2420 291 2471 52:
327 2432 431 2483 quo
466 2423 658 2470 monet.
1390 2421 1471 2471 14.
1506 2422 1604 2468 aut
1633 2445 1704 2456 —
1739 2422 1852 2479 met,
1889 2418 1989 2469 wie
2023 2420 2108 2480 25,
2143 2420 2240 2477 61„

259 2488 311 2539 3.
354 2492 414 2536 in
468 2486 842 2539 Consolatione
885 2508 953 2528 =
996 2484 1079 2537 IV.
1130 2488 1212 2550 29,
1388 2489 1469 2539 15.
1513 2480 1702 2537 altera.
1736 2484 1964 2551 Ergiinze
2001 2486 2178 2536 dicere
2220 2485 2348 2538 oder

187 2555 285 2606 63.
333 2557 393 2604 in
436 2553 831 2606 Gon-solutiones
867 2554 1023 2606 libro.
1100 2553 1211 2621 Vgl.
1315 2554 1594 2619 disputare
1627 2568 1719 2605 aus
1752 2554 1960 2615 ,docet-e.

187 2621 267 2674 111.
308 2623 390 2704 28,
427 2625 516 2682 70;
555 2622 589 2674 Ι.
627 2624 711 2706 26,
748 2624 830 2675 65.
1382 2624 1668 2685 communi,
1702 2622 1918 2674 deutsch
1951 2619 2081 2678 Adv.
2115 2646 2184 2668 ι-
2208 2637 2349 2673 com-

258 2691 309 2742 4.
345 2692 406 2740 in
442 2695 650 2742 tumore
676 2682 753 2742 ‘in
790 2689 1049 2755 Gahrung,
1086 2688 1210 2741 Auf-
1312 2692 1574 2741 munitor.
1817 2714 1820 2717 ·

190 2749 435 2824 regung',
454 2758 555 2809 wie
579 2759 658 2822 12,
679 2760 759 2811 26.
790 2757 900 2825 Vgl.
916 2757 1003 2810 IV.
1024 2759 1106 2821 29,
1126 2759 1210 2811 63.
1386 2760 1467 2811 18.
1525 2756 1684 2820 Nam,
1729 2771 1771 2809 e.
1822 2772 1886 2808 zu
1933 2758 2025 2816 30,
2062 2760 2151 2810 73:
2203 2754 2347 2808 Nam

260 2828 309 2878 6.
335 2827 649 2877 sumendum
679 2830 899 2890 tempus,
936 2840 1053 2878 man
1080 2825 1212 2878 muss
1315 2826 1463 2892 quod
1494 2828 1679 2886 aiunt3
1722 2839 1777 2877 es
1812 2825 1941 2877 wird
1979 2828 2141 2877 etwas
2175 2824 2348 2877 Neues

191 2892 274 2945 die
310 2895 484 2945 rechte
519 2893 631 2945 Zeit
669 2894 885 2946 vahlen.
1315 2893 1623 2959 eingeffihrt.

260 2965 309 3016 7.
323 2962 593 3029 Aeschyli.
623 2961 792 3015 Prom.
810 2963 968 3014 vinct.
982 2964 1078 3015 37⁸1
1098 2977 1214 3029 sqq.
1386 2965 1473 3014 21.
1542 2963 1777 3013 alienum
1844 2965 2049 3026 tempus
2106 2960 2349 3024 docendi,

190 3029 389 3112 spricht
427 3028 685 3082 Oceanus·
1322 3029 1543 3081 nfimlich
1578 3044 1637 3080 so
1673 3029 1824 3095 lange
1874 3028 1965 3079 der
1998 3027 2209 3081 Mensch
2244 3045 2348 3082 von

225 3093 450 3159 Οὔκουν,
485 3096 805 3167 Προμηθεῦ,
832 3099 994 3149 τοῦτο
1016 3115 1215 3168 yayva-
1321 3097 1412 3149 der
1448 3095 1641 3149 Trauer
1685 3097 1809 3149 oder
1851 3097 2078 3148 uberhau
2123 3103 2142 3147 t
2182 3097 2346 3149 einem

735 3180 894 3227 ansae,
926 3183 1014 3216 οτι
1318 3164 1494 3219 Affekt
1530 3164 1826 3217 beherrscht
1850 3164 1993 3217 wird.
2109 3166 2197 3217 ber
2229 3182 2348 3227 per-

191 3226 676 3353 33Ἥέἑῖἵὲἕέ
692 3228 1220 3353 335225135²²⁶⁷⁰‘³
1318 3234 1969 3364 {Z‘f'sslss'efoessmm
1989 3234 2094 3298 '⁸¹‘
2129 3248 2194 3284 ²¹¹
2216 3231 2272 3286 ¹¹·
2297 3236 2348 3299 θ’

254 3363 386 3419 Ἐάν
419 3384 500 3420 τις
535 3370 597 3421 ἐν
632 3370 807 3438 καιρῷ
839 3386 902 3439 ys
923 3365 1221 3440 μαλθάσσῃ
1397 3370 1480 3420 22.
1543 3369 1756 3420 videtur
1805 3369 2014 3419 vidisse.
2089 3365 2210 3419 Dies
2264 3367 2346 3420 die

736 3438 866 3505 κέαρ
1331 3436 1687 3502 gewohnliche
1723 3435 1960 3501 Stellung
1992 3434 2074 3487 hei
2111 3434 2200 3487 der
2225 3433 2349 3486 Ver-

259 3508 351 3554 καὶ
371 3501 446 3572 μὴ
469 3504 792 3575 σφριγῶντα
814 3500 1001 3569 θωμὸν
1025 3503 1230 3568 ἰσχναί-
1330 3503 1561 3570 bindnng
1593 3504 1761 3557 dieser
1802 3503 1986 3556 beiden
2014 3501 2209 3562 Worte;
2253 3518 2348 3556 nur

734 3591 803 3643 νη
838 3576 952 3638 βίᾳ.
1330 3587 1483 3624 wenn
1506 3573 1687 3623 videre
1709 3572 1958 3638 priignant
1980 3594 2048 3615 ===
2072 3585 2253 3622 eoram
2271 3576 2350 3622 vi-

264 3641 355 3688 em·
388 3655 510 3690 eum
544 3668 604 3678 --
628 3625 918 3706 rospondit,
959 3640 1055 3692 wie
1078 3639 1135 3693 11.
1175 3641 1223 3706 8,
1327 3641 1453 3691 dere
1470 3641 1554 3703 ist
1580 3640 1742 3705 pssegt
1764 3655 1821 3691 es
1856 3654 2012 3691 voran
2049 3654 2111 3693 zu
2148 3638 2348 3703 stehen,

189 3707 288 3758 20:
324 3711 797 3761 cuicum—ait.
1326 3705 2348 3770 z.B.defln..,V24.Modoem‘m

265 3777 345 3826 10.
377 3775 433 3827 ln
468 3779 768 3828 orationem
791 3776 860 3828 ist
882 3779 936 3827 io
972 3776 1049 3830 als
1084 3777 1222 3829 eine
1321 3775 1638 3840 fuitssebte)
1658 3775 1971 3841 Carneades,
1992 3791 2145 3841 quem
2168 3775 2349 3826 videre

191 3839 337 3894 Silbe
371 3858 436 3893 zu
469 3842 630 3896 lesen.
1323 3844 1528 3899 videor.

299 3941 456 3987 Cicero
485 3943 670 3989 Tuscul.
701 3944 758 3989 11.
804 3948 845 3989 8.
873 3946 984 3989 Aun.
1839 4002 1846 4015 ¹
1905 3929 1938 3979 4
