2834 4317
1089 124 1277 178 uena
1313 125 1389 178 111.
1429 128 1477 191 3,
1497 130 1546 180 τ.
1580 129 1630 192 4,
1653 130 1700 183 8.
2395 90 2453 188 Ι7
2515 198 2525 208 ,

304 297 642 358 Tusculano
668 305 838 358 erant
859 297 1170 376 disputata.
1231 298 1347 360 Sed
1374 300 1653 379 quoniam
1681 298 1916 361 duobus
1946 300 2357 380 superioribus
2385 301 2459 363 de

303 391 497 444 morte
528 391 588 443 et
617 381 689 443 de
719 382 924 443 dolore
955 382 1176 445 dictum
1211 392 1318 455 est,
1349 385 1559 446 tertius
1590 384 1714 445 dies
1744 383 2159 464 disputationis
2189 386 2303 448 hoc
2333 395 2457 448 ter-

303 468 451 529 tium
493 468 768 529 volumen
815 467 1050 528 efficiet.
1109 468 1186 530 Ut
1218 469 1377 529 enim
1409 469 1471 529 in
1505 470 1874 530 Academiam
1908 479 2174 531 nostram
2206 471 2458 533 descen-
2491 468 2536 534 '7

303 552 795 614 dimusinclinato
810 553 923 613 iam
939 552 999 613 in
1026 554 1555 633 postmeridianum
1579 564 1813 635 tempus
1839 553 1951 627 die,
1977 557 2227 636 poposci
2250 575 2458 617 eorum

227 649 260 700 5
305 638 592 717 aliquem,
639 638 742 716 qui
772 638 1044 712 aderant,
1091 656 1323 700 causam
1358 638 1706 700 disserendi.
1767 638 1918 700 Tum
1950 658 2047 701 res
2076 649 2202 701 acta
2236 642 2319 702 sic
2352 653 2457 703 est.

474 722 541 784 A.
589 722 836 783 Videtur
874 723 1018 782 mihi
1060 723 1270 784 cadere
1313 724 1374 785 in
1424 724 1749 802 sapientem
1787 725 2115 803 aegritudo.
2176 725 2259 787 M.
2302 726 2457 788 Num
2494 732 2538 788 4

303 808 567 886 reliquae
599 826 838 886 quoque
869 808 1352 886 perturbationes
1382 809 1585 881 animi,
1617 808 2311 883 formidinesflibidines,
2345 812 2462 872 ira-

305 890 598 954 cundiae?
622 893 782 954 Haec
805 894 962 953 enim
979 894 1101 954 fere
1116 902 1258 954 sunt
1280 894 1407 955 eius
1430 893 1608 967 modi,
1635 913 1783 973 quae
1802 894 2009 955 Graeci
2034 882 2231 979 πάθή
2258 896 2461 977 appel-

304 977 459 1039 lant:
492 996 604 1057 ego
627 985 894 1057 poteram
918 979 1163 1050 morbos,
1196 987 1255 1039 et
1278 979 1336 1039 id
1358 979 1606 1040 verbum
1630 988 1787 1040 esset
1810 999 1842 1039 e
1865 979 2065 1052 verbo,
2091 979 2194 1042 sed
2218 981 2279 1041 in
2312 999 2462 1042 con-

202 1072 261 1124 10
303 1062 676 1124 suetudinem
710 1071 973 1123 nostram
999 1082 1121 1124 non
1157 1064 1411 1125 caderet.
1465 1065 1609 1125 Nam
1635 1064 1903 1125 misereri
1927 1064 2209 1137 invidere,
2240 1066 2460 1145 gestire

302 1147 523 1219 laetari,
555 1149 700 1207 haec
732 1148 932 1208 omnia
960 1148 1191 1210 morbos
1214 1148 1423 1210 Graeci
1454 1148 1771 1228 appellant,
1803 1156 2001 1210 motus
2031 1150 2211 1210 animi
2242 1151 2461 1212 rationi

303 1251 426 1293 non
453 1232 951 1311 obtemperantis3
984 1253 1094 1294 nos
1126 1242 1320 1294 autem
1347 1235 1457 1295 hos
1481 1234 1717 1294 eosdem
1741 1241 1939 1294 motus
1970 1235 2249 1296 concitati
2279 1235 2461 1296 animi

303 1325 482 1389 recte,
507 1326 575 1378 ut
599 1317 833 1398 opinor,
849 1319 1314 1398 perturbationes
1335 1318 1676 1391 dixerimus,
1698 1318 1927 1379 morbos
1948 1326 2145 1384 autem
2171 1338 2292 1380 non
2320 1321 2462 1381 satis

305 1402 535 1477 usitate,
571 1402 682 1463 nisi
716 1403 856 1480 quid
886 1403 1043 1463 aliud
1075 1402 1182 1464 tibi
1215 1403 1462 1463 videtur.
1523 1402 1589 1464 A.
1623 1402 1764 1463 Mihi
1801 1420 1941 1463 vero
1972 1403 2086 1464 isto
2117 1405 2315 1465 modo.
2375 1405 2460 1466 M.

202 1495 262 1548 15
302 1487 563 1548 Haecine
596 1487 776 1565 igitur
806 1488 1013 1548 cadere
1059 1488 1118 1548 in
1161 1488 1490 1567 sapientem
1523 1485 1741 1567 putas?
1785 1487 1850 1548 A.
1883 1488 2139 1550 Prorsus
2170 1489 2462 1551 existimo.

302 1571 385 1633 M.
399 1573 484 1634 Ne
510 1573 615 1634 ista
640 1572 894 1650 gloriosa
919 1572 1207 1652 sapientia
1241 1592 1362 1633 non
1398 1590 1613 1651 magno
1636 1573 1998 1634 aestimanda
2021 1582 2127 1646 est,
2152 1574 2201 1635 si
2222 1574 2460 1653 quidem

304 1675 426 1717 non
474 1656 723 1718 multum
769 1657 967 1718 differt
1008 1658 1081 1718 ab
1129 1657 1376 1719 insania.
1449 1657 1514 1718 A.
1564 1655 1764 1728 Quid?
1808 1657 1917 1718 tibi
1961 1659 2235 1720 omnisne
2278 1659 2461 1721 animi

302 1742 622 1803 commotio
669 1742 899 1803 videtur
930 1740 1206 1811 insania?
1267 1743 1348 1803 M.
1379 1743 1515 1804 Non
1557 1742 1703 1803 mihi
1748 1742 1986 1822 quidem
2032 1742 2174 1817 soli,
2219 1745 2353 1814 sed.
2403 1744 2458 1805 id

303 1827 462 1906 quod
483 1827 759 1888 admirari
782 1846 958 1907 saepe
981 1828 1162 1903 soleo,
1187 1827 1514 1889 maioribus
1538 1845 1777 1906 quoque
1793 1829 2015 1890 nostris
2031 1829 2144 1890 hoc
2167 1829 2245 1889 ita
2267 1829 2460 1891 visum

200 1923 258 1977 20
301 1912 582 1992 intellego
613 1912 813 1973 multis
843 1912 1095 1975 saeculis
1125 1921 1263 1974 ante
1295 1913 1599 1975 Socratem
1617 1959 1633 1987 ‚
1664 1931 1697 1973 a
1729 1932 1849 1992 quo
1877 1914 2025 1974 haec
2056 1914 2271 1988 omnis,
2304 1932 2458 1993 quae

377 2099 427 2148 3.
474 2098 536 2146 in
592 2095 940 2147 Academiam
969 2123 1035 2135 ——
1064 2097 1332 2148 deseendi-

297 2180 432 2227 mus,
468 2177 510 2214 e.
547 2179 610 2214 zu
647 2163 705 2215 11.
742 2166 789 2227 3,
827 2166 876 2216 9.

371 2235 419 2285 5.
446 2247 663 2283 eausam
689 2224 1106 2284 disserendi‘ein
1132 2231 1327 2285 Thema

299 2315 415 2351 zum
439 2292 806 2365 Disputieren’,
834 2300 935 2351 wie
958 2300 993 2351 1.
1024 2302 1104 2366 12,
1131 2302 1224 2361 26,
1261 2301 1327 2354 de

301 2383 372 2421 or.
407 2366 464 2419 11.
502 2370 594 2432 36,
644 2371 768 2421 153:
812 2370 1039 2419 istorum
1089 2371 1327 2423 omnium

296 2439 599 2487 summatim
626 2452 816 2486 causas
837 2474 851 2487 .
873 2476 884 2488 .
903 2440 1139 2501 gustavi.
1193 2437 1326 2488 Hau-

298 2502 429 2570 figer
463 2504 764 2556 bez'eichnet
799 2520 960 2555 causa
995 2505 1142 2556 einen
1182 2506 1328 2557 strei-

299 2573 439 2638 tigen
465 2570 765 2634 Rechtssall,
789 2573 891 2623 wie
917 2570 980 2624 de
1005 2587 1077 2624 or.
1104 2572 1138 2625 1.
1166 2576 1214 2635 5,
1237 2576 1327 2626 16:

298 2639 518 2701 infinita
554 2654 841 2691 causarum
875 2643 1153 2692 varietate.

381 2711 427 2759 7.
480 2705 804 2768 formidines
859 2710 957 2760 cet.
1046 2707 1325 2774 Ungenaue

299 2774 650 2842 Anfzfiblung,
697 2776 798 2827 wie
836 2779 990 2827 unten
1029 2780 1076 2837 5,
1117 2780 1204 2837 11;
1242 2776 1326 2828 die

299 2858 552 2910 genauere
590 2843 884 2909 Einteilung
918 2844 1021 2895 und
1057 2843 1325 2896 Unterein-

297 2911 497 2978 teilung
544 2911 635 2963 der
669 2913 1107 2978 perturbationes
1151 2927 1191 2964 S.
1240 2911 1325 2965 IV.

299 2984 347 3045 7,
387 2982 465 3033 16.

367 3049 415 3101 8.
451 3050 582 3098 haee
605 3050 763 3099 enim.
823 3046 924 3099 Das
949 3047 1195 3099 Neutrum
1224 3049 1327 3099 wie

296 3115 331 3168 1.
369 3116 465 3179 24,
515 3117 579 3168 56
627 3116 778 3179 (nach
823 3117 947 3165 vitis
992 3115 1096 3166 und
1145 3118 1327 3181 arbor)

300 3183 607 3250 gebraucht:
645 3184 787 3235 diese
821 3182 1000 3250 Dinge.

379 3253 427 3302 9.
477 3266 576 3316 ego
616 3257 867 3317 poteram
919 3252 1146 3301 morbos.
1209 3250 1325 3317 Vgl.

299 3319 362 3371 de
397 3317 487 3373 fin.
522 3319 596 3373 111.
638 3322 719 3383 10,
749 3321 842 3372 35:
880 3319 1328 3385 (perturbationes

299 3389 623 3451 animorum)
645 3387 838 3438 Graeci
858 3384 1022 3452 πάθη
1037 3388 1325 3453 appellant,

294 3460 541 3521 poteram
577 3470 675 3520 ego
699 3457 916 3506 verbum
953 3460 1127 3521 ipsum
1159 3459 1326 3506 inter·

208 3552 223 3563 ο
296 3528 520 3589 pretam
541 3525 756 3575 morbos
778 3524 1050 3588 appellare
1062 3543 1082 3586 ,·
1104 3523 1199 3574 sed
1219 3539 1328 3574 non

300 3594 610 3642 conveniret
632 3591 707 3641 ad
722 3595 919 3643 omnia.
961 3590 1079 3643 Viel
1104 3591 1329 3643 seltener

299 3658 368 3710 ist
392 3659 526 3710 ohne
546 3659 695 3710 einen
719 3659 871 3711 dabei
891 3659 1171 3711 stebenden
1194 3659 1330 3710 Kon-

302 3725 636 3779 dizionalsatz
680 3725 771 3779 der
816 3726 967 3793 Konj.
1013 3744 1115 3782 von
1158 3743 1327 3794 posse,

302 3794 404 3846 wie
434 3795 470 3847 1.
507 3797 592 3858 34,
629 3796 710 3847 84.

1502 2098 1721 2147 verbum
1748 2112 1775 2145 e
1806 2097 1965 2146 verbo
1986 2089 2156 2148 ‘Wort
2191 2097 2272 2148 fiir
2299 2096 2466 2161 Won,

1434 2156 1694 2230 wortlich’
1744 2188 1814 2208 =
1853 2163 1928 2213 ad
1970 2166 2187 2215 verbum
2240 2168 2330 2230 19,
2377 2169 2461 2218 44.

1433 2231 1686 2298 Ubrigens
1718 2231 1788 2281 ist
1813 2229 1915 2282 Cic.
1942 2232 2135 2283 wieder
2169 2234 2239 2284 im
2263 2232 2462 2297 Iri-tum,

1432 2301 1535 2352 wie
1559 2299 1614 2351 11.
1644 2302 1724 2360 15,
1751 2301 1814 2351 35
1840 2299 1934 2349 mit
1958 2296 2126 2357 πόνος
2152 2299 2256 2352 und
2283 2300 2462 2360 labor3

1432 2367 1566 2432 den-n
1615 2363 1799 2419 πάθος
1843 2366 1913 2417 ist
1955 2367 2037 2418 ein
2083 2368 2321 2419 weiterer
2365 2367 2464 2421 Be-

1431 2435 1554 2502 griff
1581 2435 1658 2485 als
1691 2435 1911 2485 morbus
1940 2432 2153 2499 (νόσος).

1500 2502 1962 2566 consuetudinem,
2002 2501 2369 2568 vollstiindiger
2410 2506 2458 2567 5,

1436 2575 1514 2625 10:
1536 2585 1717 2622 consu.
1734 2573 2011 2634 sermonis,
2030 2585 2080 2623 u.
2097 2573 2145 2634 7,
2168 2572 2256 2622 14:
2278 2586 2459 2623 consu.

1431 2639 1699 2705 loquendi.

1503 2710 1582 2760 12.
1620 2708 2030 2771 obtemperantis
2063 2706 2133 2757 ist
2168 2705 2289 2757 Acc.
2324 2704 2464 2759 Plur-

1503 2778 1583 2828 14.
1609 2778 1718 2825 nisi
1735 2802 1801 2812 —-
1820 2773 2036 2824 videtur
2057 2799 2126 2819 ==
2148 2773 2203 2825 11.
2244 2775 2323 2838 18,
2361 2776 2458 2826 42:

1430 2846 1540 2894 nisi
1574 2843 1708 2909 quid
1741 2846 1819 2892 vis
1855 2842 1929 2893 ad
1961 2844 2106 2895 haee.
2161 2828 2299 2894 Uber
2331 2858 2459 2893 vero

1432 2927 1473 2963 S·
1503 2912 1863 3040 {alingeijzz}
1891 2977 2033 3029 nicht
2058 2980 2324 3041 haeceine,
2358 2978 2461 3030 wie

1432 3048 1562 3098 auch
1597 3047 1650 3098 in
1675 3047 1772 3099 den
1807 3046 2020 3112 fibrigen
2049 3046 2264 3098 Formen
2291 3045 2461 3098 dieses

1431 3113 1583 3167 Pron.
1618 3130 1715 3166 nur
1765 3115 1868 3166 ein
1907 3130 1936 3166 c
1972 3131 2034 3166 zu
2073 3115 2339 3167 schreiben
2376 3114 2464 3165 ist.

1501 3184 1580 3237 16.
1607 3182 1705 3247 Ne,
1729 3197 1770 3234 s.
1796 3198 1841 3237 z.
1866 3182 1903 3237 Ῑ.
1929 3184 2012 3245 30,
2038 3186 2126 3240 74;
2154 3198 2352 3248 magno
2376 3180 2462 3233 bei

1431 3255 1739 3370 {3⁶33ss
1785 3250 1909 3369 {¹³¹ss
1924 3254 2136 3369 ''¹52⁶'ssss
2186 3247 2464 3369 flimiffiiffl

1735 3357 1748 3382 9
1816 3358 1830 3373 0
1912 3355 1926 3370 ο
2136 3354 2149 3368 ⁸
2248 3353 2260 3366 ⁰
2337 3353 2350 3378 9
2448 3356 2462 3377 9

1428 3402 1849 3516 ΡἭέ-’.ζίῗηέὶ
1870 3385 2023 3505 {5553
2036 3384 2462 3506 2¹Ye0223312se.

1504 3525 1585 3575 20.
1628 3538 1765 3588 quae
1798 3526 1878 3572 est
1909 3521 1978 3571 de
2004 3523 2115 3571 vita
2151 3518 2465 3581 (Umschrei-

1434 3591 1575 3657 hung
1615 3591 1696 3641 ssu·
1730 3579 2304 3658 ‘Moralphilosophie’).
2371 3586 2465 3640 Die

1433 3658 1782 3725 Philosophen
1820 3671 1915 3708 vor
1949 3654 2195 3707 Sokrates
2231 3654 2469 3707 beschif-

1435 3729 1633 3862 3533.
1647 3724 2200 3858 Satisttffiissttssss
2215 3811 2227 3824 ·
2244 3723 2340 3842 ’Ἓξ
2375 3721 2476 3843 ἓξὲξ
