2834 4317
989 192 1179 244 unna
1211 192 1249 248 1.
1285 195 1369 259 25,
1405 196 1490 245 61.
1526 194 1609 245 62.
2295 194 2374 252 67

204 364 322 425 hoc
367 363 668 425 nebuloso
714 373 771 425 et
816 364 1142 443 caliginoso
1174 363 1337 425 caelo
1384 374 1487 425 aut
1528 373 1650 426 sata
1690 377 1790 426 aut
1834 374 2114 427 concreta
2146 367 2377 428 videtur

207 457 370 510 tanta
401 450 490 511 vis
518 447 890 510 memoriae?
921 449 983 511 Si
1009 450 1150 528 quid
1180 449 1393 511 sithoc
1416 469 1541 510 non
1572 450 1751 524 vides,
1783 460 1843 510 at
1879 452 2054 531 quale
2082 452 2159 513 sit
2185 453 2371 513 vides:

206 535 255 596 si
304 553 381 595 ne
426 534 487 596 id
533 533 791 613 quidem,
837 543 895 595 at
941 543 1226 614 quantum
1272 535 1349 596 sit
1390 535 1661 615 profecto
1706 536 1886 597 vides,
1962 536 2117 607 Quid
2148 534 2374 616 igitur?
2418 548 2476 596 61

204 628 411 680 utrum
435 619 818 700 capacitatem
844 619 1097 699 aliquam
1129 620 1190 680 in
1217 620 1415 681 animo
1440 630 1717 701 putamus
1742 640 1889 697 esse,
1923 640 2042 700 quo
2071 628 2369 702 tamquam

135 716 164 764 5
204 705 267 765 in
302 705 540 785 aliquod
565 723 665 766 vas
696 722 785 779 ea,
830 724 982 783 quae
1012 705 1411 779 meminimus,
1458 704 1897 767 infundantur?
1940 705 2278 768 Absurdum
2311 706 2370 768 id

204 790 469 869 quidem.
544 789 659 860 Qui
691 791 848 851 enim
880 790 1104 852 fundus
1147 799 1249 851 aut
1291 809 1445 870 quae
1488 791 1621 852 talis
1661 791 1842 853 animi
1888 792 2075 871 figura
2106 792 2371 870 intellegi

202 882 407 956 potest
429 885 531 937 aut
554 894 704 955 quae
728 884 890 937 tanta
923 876 1169 936 omnino
1197 874 1533 956 capacitas?
1578 877 1668 936 An
1696 876 1954 957 imprimi
1980 877 2146 956 quasi
2171 895 2367 938 ceram

202 960 471 1022 animum
505 970 784 1042 putamus
816 971 873 1022 et
905 980 1032 1023 esse
1064 962 1408 1022 memoriam
1442 961 1809 1041 signatarum
1838 980 2040 1023 rerum
2073 963 2132 1023 in
2166 971 2367 1024 mente

199 1043 493 1125 vestigia?
584 1046 748 1118 Quae
789 1055 1046 1126 possunt
1085 1046 1436 1122 verborum,
1493 1066 1645 1126 quae
1690 1065 1887 1107 rerum
1930 1047 2194 1127 ipsarum
2239 1065 2366 1109 esse

110 1140 163 1189 10
204 1131 468 1213 vestigia,
500 1149 652 1210 quae
681 1150 864 1211 porro
888 1140 1006 1193 tam
1039 1133 1310 1194 inmensa
1331 1132 1701 1210 magnitude,
1733 1150 1884 1211 quae
1907 1132 2003 1194 illa
2031 1141 2153 1194 tam
2183 1133 2365 1193 multa

201 1216 395 1296 possit
425 1214 755 1295 effingere?

376 1300 575 1373 Quid?
604 1302 702 1363 illa
732 1302 818 1363 vis
841 1320 991 1381 quae
1019 1303 1261 1363 tandem
1284 1314 1392 1375 est,
1417 1319 1567 1381 quae
1597 1301 1908 1381 investigat
1930 1301 2178 1375 occulta,
2212 1319 2364 1380 quae

200 1387 468 1447 inventio
498 1396 677 1466 atque
708 1387 1060 1467 excogitatio
1091 1384 1350 1448 dicitur?
1401 1386 1491 1447 Ex
1516 1388 1705 1448 hacne
1734 1385 1841 1447 tibi
1873 1395 2110 1447 terrena
2140 1395 2362 1446 morta·
2407 1397 2465 1447 62

199 1472 362 1551 lique
398 1480 609 1533 natura
641 1482 701 1534 et
722 1473 940 1534 caduca
972 1481 1249 1534 concreta
1283 1491 1348 1533 ea
1380 1472 1629 1544 videtur,
1662 1481 1763 1532 aut
1792 1472 1894 1550 qui
1923 1471 2169 1551 primm,
2202 1472 2359 1550 quod

111 1564 160 1614 15
198 1575 467 1619 summae
512 1558 835 1638 sapientiae
879 1558 1245 1638 Pythagorae
1274 1557 1467 1620 visum
1497 1566 1603 1631 est,
1650 1557 1929 1619 omnihus
1958 1556 2141 1619 rebus
2170 1556 2360 1636 impo-

202 1644 320 1704 suit
368 1644 631 1716 nomina‚
676 1654 775 1704 aut
820 1645 921 1722 qui
969 1642 1280 1723 dissipatos
1322 1643 1598 1704 homines
1642 1642 2022 1721 congregavit
2067 1652 2125 1703 et
2159 1642 2231 1703 ad
2262 1662 2360 1703 so-

276 1830 322 1881 1.
376 1828 476 1879 hoc
522 1828 605 1879 bei
655 1828 790 1894 quid
837 1830 933 1880 sit:
1006 1828 1099 1879 das
1135 1827 1231 1879 Ge-

205 1894 462 1948 dachtnis.

270 1965 320 2016 3.
360 1963 506 2027 Quid
546 1965 758 2028 igitur?
811 1962 958 2013 leitet
993 1962 1075 2014 die
1112 1978 1232 2030 apa-

197 2030 1230 2163 fingtzitsstzss‘ffiffl‘flssfestitit?

200 2166 384 2233 haupt)
420 2167 695 2234 gottlicher
724 2166 888 2219 Natur
924 2167 1017 2234 sei,
1053 2166 1156 2220 ein.

267 2238 317 2288 4.
379 2238 759 2302 capacitatem,
832 2235 915 2287 bei
982 2235 1085 2287 Cic.
1134 2251 1228 2288 nur

193 2304 472 2356 rinmlich:
519 2302 875 2356 umfassender
910 2302 1088 2355 Reum.

266 2376 314 2424 5.
352 2372 657 2423 Absurdum
693 2372 756 2422 id
794 2371 1025 2437 quidem,
1060 2372 1111 2421 in
1138 2370 1227 2422 der

190 2440 453 2504 Antwort,
489 2441 590 2491 wie
628 2443 676 2505 8,
703 2444 764 2493 17
783 2457 794 2488 z
833 2439 1134 2505 Superbum
1168 2439 1230 2490 id

190 2508 413 2574 quidem
448 2513 540 2560 est.

259 2577 307 2628 6.
364 2576 604 2642 intellegi
663 2581 860 2643 potest:
926 2575 1061 2627 kann
1106 2589 1225 2628 man

183 2643 300 2695 sich
341 2642 579 2696 denken‘?

258 2714 307 2763 7.
351 2714 593 2777 imprimi
619 2711 928 2777 (Eindrficke
971 2712 1222 2775 erhalten)

219 2783 367 2850 nasi,
411 2796 618 2844 ceram,
690 2781 791 2832 wie
865 2780 954 2832 der
1012 2779 1220 2833 Stoiker

232 2847 473 2900 leanthes
496 2850 705 2901 meinte.
755 2847 880 2900 Zum
904 2848 1087 2901 Ausdr.
1112 2849 1219 2915 vgl.

184 2916 266 2970 ad.
306 2917 427 2969 fam.
467 2916 527 2968 V.
568 2918 657 2981 20,
698 2921 752 2971 5:
802 2917 951 2981 Quae
985 2932 1105 2968 oum
1140 2920 1218 2967 vi-

184 2984 364 3035 derem
415 2988 492 3036 tot
535 2988 778 3050 vestigiis
824 2987 1083 3051 impressa
1137 2984 1218 3037 fiir

182 3051 278 3104 das
322 3053 740 3120 gewfihnliehere
785 3056 980 3119 quibus
1023 3082 1087 3092 —
1135 3058 1217 3104 tot

182 3124 727 3242 ἷέῗὲἒῖἐζ-Ἦζῖἔΐ
764 3122 1217 3256 ”limmat

183 3228 438 3324 Anal'ogie
483 3258 573 3310 der
607 3205 777 3310 Verbi:
815 3259 1078 3325 adsperge
1114 3262 1213 3310 cet.

183 3322 517 3378 konstruiert.

253 3398 335 3446 10.
388 3395 711 3460 magnitudo
746 3417 813 3438 =
850 3411 936 3445 res
987 3394 1214 3458 (tabula)

183 3462 441 3513 immensa
474 3463 890 3528 magnitudine5
923 3459 1208 3527 effingere:

185 3527 395 3582 hildlich
432 3531 728 3597 darstellen,
763 3530 1138 3595 wiedergeben.

255 3600 333 3651 12.
361 3598 540 3663 Quid?
563 3600 662 3651 illa
688 3606 768 3651 vis
792 3604 909 3663 cet„
927 3613 968 3649 S.
996 3599 1027 3664 ξ
1056 3602 1116 3651 57
1145 3613 1209 3649 zu

179 3669 435 3733 primum.

253 3751 388 3799 quae
424 3738 722 3800 investigat
771 3739 868 3788 cet.
940 3732 1039 3786 Der
1075 3739 1211 3787 erste

182 3802 500 3857 Relativsatz
533 3802 966 3868 vervollstiindigt
990 3802 1086 3853 den
1115 3801 1211 3854 Be·-

182 3869 307 3939 griff
332 3871 421 3925 des
444 3871 640 3938 Subst.,
665 3870 754 3923 der
780 3870 966 3923 zweite
992 3871 1104 3937 sugt
1127 3871 1208 3923 ein

1338 1826 1722 1879 accidentielles
1757 1825 1987 1879 Moment
2030 1825 2199 1878 hinzu.
2270 1825 2360 1877 Die

1336 1896 1406 1946 im
1431 1895 1722 1948 Deutschen
1757 1893 2357 1959 fiblicheVerbindungs-

1372 1963 1556 2015 artikel
1582 1963 1844 2015 zwischen
1869 1963 2000 2014 zwei
2027 1963 2079 2012 in
2103 1962 2358 2013 verschie-

1369 2047 1517 2084 enem
1564 2032 1859 2083 Verhfiltnis
1911 2047 1974 2082 zu
2028 2030 2142 2081 dem
2201 2030 2357 2081 niiher

1332 2098 1639 2152 definiet-ten
1665 2098 1864 2165 Begriff
1890 2098 2173 2152 stehenden
2210 2096 2357 2149 Rela-

1333 2168 1586 2221 tivsiitzen
1606 2170 1742 2219 muts
1760 2168 1827 2220 im
1841 2165 2197 2219 Lateinischeu
2216 2180 2357 2232 weg·

1331 2235 1555 2289 bleiben.
1582 2235 1793 2301 vgl.43‚
1811 2238 1933 2295 102;
1952 2234 2006 2287 11.
2029 2236 2147 2299 3‚7;
2173 2234 2236 2285 de
2255 2250 2355 2285 am.

1332 2306 1380 2367 8,
1394 2305 1458 2355 27
1473 2319 1487 2355 ε
1524 2306 1770 2369 caritate,
1805 2320 1943 2370 quae
1973 2307 2051 2353 est
2083 2305 2229 2353 inter
2260 2318 2357 2353 na-

1331 2375 1413 2422 tos
1452 2376 1504 2421 et
1532 2377 1812 2436 parentes,
1850 2387 1987 2436 quae
2022 2371 2213 2421 dirimi
2243 2372 2354 2420 nisi

1332 2439 1634 2490 detestabili
1665 2440 1863 2490 scelere
1896 2454 2004 2490 non
2038 2442 2224 2503 polest.

1401 2510 1483 2559 14.
1522 2511 1741 2567 natura,
1779 2504 1927 2558 Stoff.

1397 2580 1496 2626 aut
1519 2577 1616 2641 qui
1635 2578 1844 2640 primus
1855 2578 1954 2627 cet.
1981 2571 2156 2623 Cicero
2172 2570 2351 2622 wollte

1327 2642 1410 2694 die
1450 2642 1663 2694 Periode
1700 2647 1835 2694 etwa
1871 2641 1965 2694 mit
1999 2640 2097 2692 den
2137 2638 2349 2691 Worten

1326 2711 1630 2763 schliessen:
1680 2714 1859 2761 eiusne
1900 2712 2111 2761 animus
2146 2725 2215 2759 σω
2249 2708 2352 2758 kae

1325 2782 1428 2831 tibi
1463 2785 1680 2830 tenena
1719 2784 1921 2830 natura
1958 2780 2237 2830 concretus
2272 2778 2350 2825 υἰ-

1322 2848 1485 2899 detur
1515 2846 1719 2908 fuisse?
1763 2846 1904 2899 Aber
1927 2845 2085 2898 durch
2109 2845 2191 2897 die
2218 2842 2349 2895 Hiu-

1324 2915 1449 2982 fung
1497 2915 1586 2968 der
1630 2914 1909 2968 Gedanken
1954 2916 2024 2966 ist
2079 2913 2161 2965 die
2211 2911 2346 2963 Kon-

1322 2983 1581 3035 struktion
1618 2985 1854 3035 verwirrt
1891 2982 2101 3034 worden
2148 2979 2253 3032 und
2288 2994 2346 3030 es

1320 3050 1455 3116 folgt
1490 3056 1697 3103 cretam
1726 3051 1867 3103 Ende
1904 3052 1994 3103 des
2032 3051 2063 3114 ξ
2102 3048 2193 3101 das
2217 3048 2346 3099 Fen-

1318 3119 1472 3171 lende
1507 3119 1561 3170 in
1596 3119 1923 3172 verfinderter
1959 3117 2132 3170 Form:
2170 3120 2217 3167 is
2251 3116 2345 3167 do-

1319 3190 1436 3238 cuit
1466 3189 1693 3239 similem
1719 3192 1817 3240 cet.
1842 3213 1907 3233 ==
1931 3190 1980 3237 is
2004 3187 2188 3237 divina
2214 3199 2343 3248 qua·

1317 3256 1445 3307 dam
1496 3260 1669 3306 monto
1714 3257 1845 3307 haec
1889 3257 2166 3321 perspexit
2217 3251 2344 3302 oder

1318 3325 1604 3375 adsecutus
1639 3329 1730 3377 est.

1390 3395 1736 3458 15.imposnit
1755 3394 1993 3442 nomina.
2017 3388 2158 3440 Doch
2182 3386 2345 3438 findet

1312 3461 1425 3512 sich
1461 3460 1591 3512 auch
1628 3460 1790 3512 schon
1824 3459 1908 3511 bei
1946 3457 2042 3509 den
2067 3457 2221 3509 Alten
2257 3455 2339 3507 die

1316 3529 1463 3581 tiefer
1508 3527 1742 3594 gehende
1793 3526 2034 3590 Ansicht,
2088 3525 2202 3577 dass
2256 3523 2339 3575 die

1315 3596 1509 3649 Namen
1550 3595 1640 3647 der
1662 3595 1824 3660 Dinge
1852 3595 1992 3646 nicht
2018 3593 2194 3658 θέσει,
2228 3606 2338 3642 was

1313 3663 1640 3733 Pythagoras
1666 3664 1901 3725 annahm‚
1932 3662 2149 3715 sondern
2179 3664 2337 3730 φύσει

1315 3732 1620 3785 entstanden
1653 3733 1818 3791 seien;
1857 3746 1916 3783 so
1953 3731 2035 3783 hei
2062 3729 2211 3781 Plato
2247 3728 2334 3791 (im

1315 3801 1575 3868 cratylus)
1613 3799 1712 3850 und
1753 3800 1833 3850 bei
1872 3799 1970 3851 den
2008 3797 2264 3849 Stoikern.

1386 3870 1463 3921 16.
1499 3870 1576 3918 ad
1607 3870 1909 3918 societatem
1946 3869 2112 3930 vitae,
2146 3864 2249 3929 vgl.
2272 3860 2330 3911 V.

1853 3952 1926 4002 5*
