2834 4317
482 168 566 227 90

1192 168 1382 221 Lissa
1414 170 1450 224 1.
1488 172 1574 236 39,
1610 171 1692 223 94.
1728 173 1812 237 ιο,
1850 172 1931 223 95.

375 351 435 402 94
477 344 719 404 fortuna
747 342 1036 404 laudatur.
1091 339 1252 404 Cur?
1286 360 1442 415 nam,
1474 361 1633 418 reor,
1666 342 1864 416 nuIIiS‚
1897 343 1948 405 si
1972 344 2086 404 vita
2114 342 2353 422 longior
2382 343 2638 416 daretur,

480 436 684 508 posset
713 446 842 490 esse
872 427 1221 501 iucundior3
1256 427 1404 488 nihil
1434 428 1596 489 enim
1626 437 1718 490 est
1744 429 2017 508 profecto
2047 428 2277 490 homini
2323 429 2637 508 prudentia

481 512 730 587 dulcius,
762 531 959 592 quam,
990 522 1058 573 ut
1088 522 1285 574 cetera
1316 514 1560 588 auferat,
1591 514 1781 576 adfert
1810 520 1971 575 certe
2001 521 2298 576 senectus.

653 596 819 670 Quae
840 616 982 659 vero
1012 606 1170 659 aetas
1199 598 1377 678 longa
1408 608 1500 660 est
1521 609 1623 662 aut
1652 599 1795 678 quid
1827 598 2072 660 omnino
2096 599 2328 662 homini
2349 598 2636 681 longum?

481 702 689 744 nonne

311 811 418 892 <X
594 768 769 829 Modo
792 786 1025 848 pueros,
1054 768 1222 829 modo
1253 767 1628 832 adulescentis
1656 771 1722 831 in
1749 788 1925 831 cursu
1953 790 1992 831 a
2019 780 2178 849 terqo
2210 774 2509 850 insequens

435 876 478 907 x-
593 853 713 914 Ne'c
741 856 1039 933 opinantis
1067 853 1332 915 a'dsecuta
1360 862 1444 915 cst

476 936 799 1001 senectus?
844 936 961 999 Sed
1006 938 1143 1017 quia
1185 937 1338 1001 ultra
1383 938 1531 999 nihil
1575 937 1895 1014 habemus,
1939 938 2054 1000 hoc
2082 938 2331 1019 longum
2368 939 2632 1001 dicimus.

357 1063 404 1096 „1
478 1023 693 1085 Omnia
722 1024 851 1098 ista,
883 1024 1133 1103 perinde
1175 1032 1244 1084 ut
1271 1024 1490 1103 cuique
1519 1024 1652 1085 data
1694 1034 1837 1090 sunt
1878 1042 1988 1103 pro
2033 1034 2159 1084 rata
2188 1033 2383 1104 parte,
2426 1024 2506 1087 ita
2533 1034 2634 1088 aut

475 1109 653 1188 longa
710 1118 812 1170 aut
868 1108 1065 1170 brevia
1123 1109 1424 1172 dicuntur.
1512 1108 1685 1189 Apud
1731 1109 2027 1206 Hypanim
2044 1095 2358 1185 fluvium,
2418 1111 2517 1189 qui
2562 1111 2633 1171 ab
2679 1122 2731 1172 10

475 1193 754 1275 Europae
777 1202 945 1274 parte
969 1195 1032 1256 in
1057 1195 1316 1256 Pontum
1341 1194 1558 1271 influit,
1581 1194 1926 1258 Aristoteles
1946 1195 2028 1256 ait
2047 1194 2329 1258 bestiolas
2352 1197 2631 1274 quasdam

474 1280 670 1358 nasci,
717 1298 872 1360 quae
898 1299 1090 1342 unum
1134 1280 1290 1342 diem
1331 1281 1547 1344 vivant.
1607 1279 1698 1341 Ex
1739 1279 1834 1342 his
1861 1280 2043 1359 igitur
2073 1281 2219 1343 hora
2248 1288 2450 1346 octava
2477 1300 2631 1361 quae

472 1374 708 1427 mortua
739 1373 845 1437 est,
876 1375 1156 1445 provecta
1186 1375 1377 1427 aetate
1407 1374 1640 1430 mortua
1673 1373 1764 1429 est
1773 1385 1790 1442 ;
1824 1367 1976 1445 quae'
1994 1385 2132 1428 vero
2157 1366 2463 1428 occidente
2484 1367 2629 1441 sole,

473 1450 774 1531 decrepita
792 1496 808 1524 ,
855 1470 928 1512 eo
969 1451 1182 1531 magis,
1238 1452 1289 1514 si
1332 1453 1509 1516 etiam
1553 1451 1845 1515 solstitiali
1901 1452 2016 1515 die.
2104 1451 2323 1515 Confer
2366 1460 2632 1518 nostram

471 1536 878 1616 longissimam
924 1545 1175 1598 aetatem
1220 1555 1358 1598 cum
1388 1538 1770 1600 aeternitate:
1818 1538 1881 1599 in
1928 1538 2133 1601 eadem
2169 1556 2360 1619 prope
2391 1537 2632 1602 modum
2675 1550 2727 1599 15

471 1620 778 1695 brevitate,
810 1639 926 1700 qua
956 1621 1088 1684 illae
1118 1620 1423 1696 bestiolae,
1452 1621 1843 1720 reperiemur.

642 1706 1107 1770 Contemnamus
1149 1707 1331 1786 igitur
1373 1707 1569 1768 omnis
1613 1707 1871 1792 ineptias
1912 1743 1997 1758 --
2041 1708 2203 1788 quod
2246 1708 2409 1770 enim
2449 1708 2631 1774 levius

545 1808 591 1860 1.
656 1805 800 1857 Cur?
842 1829 909 1851 εει
954 1807 1155 1857 Parum
1202 1806 1505 1871 prudenter

472 1873 597 1926 oder
625 1871 839 1924 Temere
862 1874 963 1926 Ιιοο
983 1872 1066 1937 fit,
1088 1873 1314 1930 welches
1338 1873 1500 1926 durch

471 1941 572 1994 den
597 1939 876 2006 folgenden
901 1940 1022 1994 Satz
1049 1940 1335 2007 begrfindet
1352 1940 1499 1994 wird.

468 2009 526 2062 In
560 2009 729 2062 einem
764 2008 1001 2061 frfiheren
1027 2008 1259 2062 Stadium
1292 2010 1384 2062 des
1407 2009 1501 2062 Le-

470 2079 624 2140 bene,

470 2151 690 2211 setzung
736 2146 1012 2198 desselben
1056 2146 1237 2199 darum
1289 2146 1368 2200 als
1414 2148 1500 2201 ein

467 2212 725 2266 kleineres
744 2212 911 2265 Gliick
936 2215 1247 2279 anzuseheu‚
1269 2215 1390 2267 weil
1414 2215 1499 2268 die

470 2281 777 2347 Bedingung
830 2281 990 2347 (lanu,
1047 2281 1131 2335 (lie
1185 2284 1500 2349 prudencia,

470 2351 608 2471 Enoch
639 2351 694 2431 in
730 2350 1051 2418 gerlngerem
1075 2350 1242 2404 Grade
1275 2352 1500 2404 vot-han·-

507 2434 570 2474 en
607 2433 701 2471 set.

535 2487 722 2540 nullis.
770 2485 869 2538 Der
903 2486 1067 2540 subst.
1100 2486 1369 2540 Gebmuch
1403 2486 1497 2542 des

466 2555 609 2608 Plur.
634 2571 737 2608 von
762 2555 946 2607 nullus
968 2559 1099 2608 statt
1118 2572 1272 2608 nomo
1297 2556 1368 2609 ist
1391 2555 1494 2608 sel-

466 2630 579 2685 ten;
618 2624 752 2677 doch
776 2639 817 2676 s,
836 2622 958 2676 Tac.
979 2622 1165 2678 ann.1l.
1180 2628 1269 2677 77:
1291 2627 1498 2691 perisse

470 2692 847 2744 Germanicum
870 2692 1011 2744 nulli
1032 2695 1333 2746 iactantius
1353 2708 1496 2745 mao-

465 2764 593 2811 rent
626 2776 790 2825 quam
826 2762 923 2825 qui
943 2764 1180 2817 maximo
1204 2761 1497 2814 laetantur.

471 2827 586 2893 Vgl.
618 2827 751 2880 oben
788 2826 822 2893 ὅ
848 2829 904 2879 2:
939 2827 1086 2879 ullis.

534 2896 583 2947 3.
617 2895 861 2959 auferat,
895 2892 1101 2955 adfert.
1161 2895 1260 2948 Der
1292 2895 1496 2962 Gegen·

465 2967 576 3014 satz
629 2962 758 3015 wird
812 2961 974 3014 durch
1032 2962 1115 3015 die
1166 2962 1494 3018 zusammen·

465 3030 692 3096 stellung
733 3046 839 3082 von
876 3031 1171 3097 Composita
1219 3031 1493 3086 desselben

466 3098 720 3152 Verbums
755 3099 849 3150 mit
877 3099 1271 3156 verschiedener
1294 3100 1493 3156 Beden-

469 3172 598 3233 tung
634 3166 1108 3223 nachdrficklicher.

536 3238 583 3289 4.
620 3236 837 3301 quid—
858 3237 1068 3290 laomim·
1090 3237 1347 3303 longum?
1372 3236 1492 3304 Vgl.

465 3303 575 3356 Cat.
608 3302 678 3356 M.
720 3306 798 3367 18,
836 3306 925 3357 69:
979 3321 1329 3373 quamquam,
1367 3322 1398 3360 o
1436 3307 1495 3357 di

464 3374 616 3492 Zoni,
669 3344 805 3439 quid⁹
848 3377 929 3424 ost
969 3375 1030 3425 in
1077 3375 1315 3426 hominis
1345 3378 1494 3428 vita

506 3444 616 3492 iu?

532 3510 580 3562 6.
616 3508 778 3561 Modo
798 3524 998 3574 pueros
1030 3508 1133 3575 (die
1168 3524 1262 3562 vor
1279 3508 1489 3564 kurzem

462 3577 597 3629 noch
620 3574 836 3629 Knaben
861 3581 1054 3641 waren)
1079 3583 1177 3630 cet.
1202 3591 1296 3630 aus
1320 3578 1488 3631 ciuem

462 3643 830 3697 unbekannten
876 3644 1098 3700 Dichter.
1166 3646 1369 3700 Pueros
1419 3646 1490 3698 ist

464 3712 756 3780 zweisilbig
788 3728 854 3765 zu
888 3712 1050 3767 lesen.

530 3781 901 3836 adulescentis.
958 3780 1079 3834 Hier
1113 3781 1224 3836 also
1259 3798 1354 3839 nur
1378 3781 1486 3836 drei

461 3847 792 3903 Lebensalter
838 3850 1172 3917 geschiedena
1224 3853 1483 3920 pueritia,

670 2077 830 2131 meiat
865 2077 1042 2130 Cicero
1060 2115 1075 2143 ,
1124 2079 1199 2132 sei
1236 2077 1321 2131 die
1354 2077 1502 2134 Fort-

1605 1806 1970 1859 adulosoonoe'a
2003 1808 2094 1872 (ε
2120 1810 2296 1861 media
2322 1813 2494 1876 aetas)
2529 1809 2632 1863 und

1599 1880 1859 1928 senectus.
1927 1875 2132 1930 Ebenso
2176 1876 2285 1934 Cat.
2321 1877 2390 1931 M.
2428 1881 2482 1944 2,
2515 1882 2567 1933 4.

1672 1944 1722 1995 9.
1776 1959 1879 2009 pro
1927 1949 2053 1995 rata
2093 1949 2283 2011 parte,
2334 1947 2473 1999 nach
2518 1947 2631 1999 dem

1601 2009 1706 2072 (fiir
1773 2011 1954 2077 Jeden)
2033 2012 2405 2078 festgesetzten
2480 2013 2631 2080 (Teil)

1601 2076 1753 2143 Mars,
1786 2078 1836 2132 d.
1861 2080 1910 2131 h.
1947 2082 2078 2132 uach
2104 2081 2272 2136 einem
2295 2082 2632 2138 bestimmten

1602 2145 1914 2201 Verbaltnis.

1674 2218 1753 2268 10.
1790 2216 2082 2283 Hypanim,
2117 2214 2234 2270 dem
2268 2215 2399 2282 Bug.

1673 2286 1757 2338 11.
1793 2284 2042 2338 bestiolas
2065 2284 2355 2351 quaedam.
2381 2289 2566 2356 ὀφήμε
2597 2307 2631 2340 α

1602 2357 1761 2403 neunt
1784 2352 1860 2408 sie
1885 2352 2192 2410 Aristoteles
2228 2353 2368 2418 (bist.
2395 2358 2553 2410 anim.
2562 2307 2625 2407 ς.

1605 2422 1739 2485 190),
1779 2420 1968 2478 andere
2000 2423 2304 2491 μονήμερα,
2338 2424 2625 2495 ἡμερόβια.

1671 2506 1750 2558 13.
1788 2510 2045 2571 provecta
2070 2507 2175 2558 und
2199 2507 2478 2573 decrepita
2512 2508 2626 2561 sind

1598 2571 1945 2626 Nominative.

1670 2661 1749 2712 14.
1790 2657 2078 2719 Confer—
2101 2662 2454 2729 reperiemur,
2478 2677 2521 2716 s,
2545 2664 2624 2726 13,

1597 2728 1664 2780 30
1700 2742 1766 2779 zu
1806 2725 1954 2778 Tolle
1990 2757 2054 2767 -·
2090 2728 2393 2782 sustuleris.

1667 2815 1751 2864 15.
1799 2815 1861 2864 in
1907 2812 2090 2864 eadem
2135 2815 2398 2868 brevitate
2448 2813 2624 2880 (naml.

1596 2881 1770 2943 ὄντες)
1840 2880 1922 2932 fur
1979 2879 2079 2932 den
2142 2880 2270 2934 Gen.
2329 2882 2455 2935 oder
2507 2881 2622 2936 Abl.

1596 2949 1778 3016 qualit.
1829 2948 1949 3016 Vgl.
1985 2947 2063 3004 111.
2102 2950 2192 3011 18,
2228 2952 2326 3003 42:
2364 2949 2514 3014 Quae
2546 2967 2623 3002 so·

1595 3023 1854 3084 Mutantur
1890 3021 1948 3068 in
1971 3018 2156 3069 eadem
2177 3021 2444 3072 sententia
2467 3023 2619 3079 sunt3

1595 3085 1663 3138 de
1694 3084 1783 3142 fin.
1819 3056 1880 3142 1'1.
1907 3088 1988 3151 14,
2012 3088 2105 3138 47.
2141 3092 2397 3152 quartum
2428 3090 2620 3154 (genus

1595 3155 1956 3218 honestorum)
1973 3125 2223 3221 ’sequitur
2255 3160 2310 3215 et
2341 3157 2403 3206 in
2438 3157 2620 3210 vadem

1590 3221 1999 3288 pulchritudine
2049 3226 2103 3276 et
2145 3227 2332 3292 aptum
2385 3240 2457 3278 σω
2506 3224 2622 3275 illis

1595 3291 1792 3351 ινίὀιιις
1847 3290 2041 3341 ebenso
2086 3293 2145 3342 in
2189 3294 2325 3346 vitio
2361 3308 2473 3346 osse
2520 3291 2618 3355 (111.

1593 3361 1735 3423 9,19
1769 3357 1876 3412 und
1909 3356 1994 3412 lv,
2021 3360 2071 3423 8,
2101 3361 2183 3424 17)
2219 3360 2322 3411 und
2360 3360 2453 3412 das
2487 3374 2619 3425 ganz

1592 3425 1953 3493 gewohnliche
1981 3428 2043 3478 in
2066 3429 2251 3495 aliquo
2270 3443 2472 3524 genero
2493 3443 2617 3479 esse.

1665 3515 1746 3565 17.
1798 3512 1971 3564 levius
2006 3540 2072 3554 -
2105 3512 2344 3575 levitate,
2376 3512 2462 3565 ein
2497 3511 2619 3565 eclit

1593 3578 1824 3632 ciceron.
1827 3578 2124 3647 WortspieL
2138 3584 2275 3635 etwa
2299 3550 2618 3638 ‘schwacher

1590 3648 1815 3713 (milder)
1847 3675 1915 3690 -
1951 3642 2270 3702 Schwaclie'.
2329 3647 2447 3715 Vgl.
2483 3648 2617 3701 auch

1590 3731 1642 3782 p.
1687 3716 1840 3771 Rosc.
1885 3716 2000 3769 Am.
2048 3719 2144 3783 33,
2193 3719 2284 3771 93.
2338 3732 2471 3784 quoe
2523 3720 2619 3782 qui

1590 3785 1789 3838 leviore
1820 3788 2038 3837 nomine
2069 3787 2360 3853 appellant,
2392 3800 2615 3851 percus·

1584 3869 1733 3905 sores
1768 3859 1977 3906 vocant.

2678 698 2706 746 5
