2834 4317
1071 186 1262 239 ιιΒΕιι
1295 185 1372 241 ιιι.
1410 189 1494 252 27,
1514 189 1597 239 64.
2314 185 2393 241 41

252 378 403 436 quas
431 354 756 420 sententias
787 358 1028 437 colligit..
1060 377 1214 437 quae
1242 359 1419 420 verba
1452 359 1835 437 contorquetl
1869 369 1936 419 ut
1964 359 2142 419 licere
2174 358 2402 435 quidvis

252 444 481 505 rhetori
523 443 850 522 intellegas.
925 443 1091 515 Quae
1134 464 1312 505 nemo
1352 447 1660 525 probaret,
1708 444 1822 504 nisi
1862 444 2107 505 insitum
2150 444 2295 505 illud
2336 443 2399 503 in

254 531 471 591 animis
511 529 894 601 haberemus,
943 531 1139 590 omnis
1183 530 1376 590 bonos
1427 530 1671 590 interitu
1700 548 1945 591 suorum
1976 548 2149 608 quam
2182 528 2403 607 gravis-

256 616 405 676 sime
435 632 699 675 maerere
730 624 1029 694 oportere.
1082 614 1170 675 Ex
1199 616 1315 676 hoc
1345 615 1543 676 evenit
1570 625 1639 675 ut
1665 615 1726 676 in
1760 615 1941 675 animi
1971 614 2277 676 doloribus
2308 613 2403 674 alii

177 710 211 760 5
254 700 604 761 solitudines
632 709 902 779 captent,
934 710 1000 760 ut
1027 702 1110 761 ait
1137 701 1432 773 Homerus
1461 700 1534 760 de
1562 699 2053 779 Bellerophonte:

566 782 687 855 Qui
712 788 978 846 miserm
1007 790 1222 866 campis
1249 805 1509 847 maerens
1536 787 1769 847 errabat
1799 787 1965 856 Aleis,

564 869 693 950 Ispe
720 889 892 931 suum
921 889 1021 931 cor
1047 871 1229 943 edens,
1259 871 1560 932 hominum
1587 875 1828 951 vesciqia
1854 875 2063 932 vitans.

259 954 338 1014 Et
364 953 551 1014 Nioba
580 954 827 1034 fingitur
853 955 1109 1034 lapidea,
1154 968 1402 1035 propter
1429 966 1756 1032 aeternum,
1788 958 1996 1030 credo,
2040 957 2103 1016 in
2132 957 2299 1016 luctu
2328 954 2408 1016 si-

261 1039 530 1100 lentium.
618 1039 920 1101 Hecubam
983 1051 1177 1102 autem
1232 1052 1448 1121 putant
1490 1052 1739 1121 propter
1791 1041 1973 1102 animi
2030 1040 2407 1102 acerbitatem

157 1136 219 1186 lo
262 1124 556 1202 quandam
588 1137 648 1186 et
675 1125 901 1186 rabiem
930 1127 1074 1204 fingi
1104 1129 1166 1187 in
1198 1146 1405 1188 canem
1438 1146 1567 1188 esse
1608 1144 1971 1187 conversam.
2033 1128 2186 1188 Sunt
2215 1136 2408 1186 autem

263 1210 392 1284 alii,
434 1228 585 1288 quos
613 1210 676 1270 in
708 1211 872 1276 luctu
903 1229 1037 1272 cum
1084 1213 1207 1292 ipsa
1250 1211 1573 1273 solitudine
1613 1211 1778 1290 loqui
1816 1230 1992 1290 saepe
2019 1213 2301 1282 delectat,
2345 1221 2411 1272 ut
2469 1228 2473 1233 ·

263 1295 360 1356 illa
391 1296 545 1374 apud
574 1295 839 1356 Ennium
869 1297 1100 1358 nutrix:

681 1380 897 1462 Oupido
926 1386 1073 1462 cepit
1098 1388 1366 1443 miseram
1395 1401 1556 1446 nunc
1582 1400 1672 1442 me
1699 1378 1969 1461 proloqui

680 1465 845 1528 Caelo
874 1471 1043 1547 atque
1071 1479 1258 1528 terrae
1288 1466 1513 1528 Me'deai'
1537 1471 1815 1539 miserias.

160 1561 220 1612 15
266 1550 427 1611 Haec
457 1551 656 1610 omnia
688 1562 865 1624 recta,
896 1571 1058 1625 vera,
1091 1553 1284 1613 debita
1314 1561 1592 1631 putantes
1623 1553 1849 1612 faciunt
1878 1553 1940 1612 in
1972 1550 2194 1622 dolore,
2225 1549 2408 1609 maxi-

266 1654 480 1715 meque
503 1638 837 1697 declaratur
857 1638 1003 1698 haec
1025 1638 1192 1716 quasi
1216 1637 1397 1698 officii
1418 1637 1636 1697 iudicio
1660 1638 1808 1711 fieri,
1840 1636 2018 1716 quod,
2042 1636 2092 1697 si
2116 1635 2217 1715 qui
2239 1637 2413 1709 forte,

268 1770 385 1833 nigs
420 1768 646 1835 Philipp.
707 1768 808 1821 Das
845 1769 1034 1834 Opfern
1073 1772 1142 1821 ist
1178 1771 1292 1822 dem

270 1837 305 1882 1
286 1838 517 1888 ιιίειτὴειι
538 1844 669 1888 stets
691 1839 770 1888 ein
784 1837 1055 1890 Ausdruck
1077 1840 1171 1890 fro
1187 1840 1215 1889 h
1230 1855 1258 1889 e
1272 1855 1296 1890 ι·

268 1903 629 1971 Empfindung.
657 1903 771 1971 Vgl.
791 1907 1079 1958 ausserdem
1102 1911 1182 1971 15,
1201 1908 1293 1959 32·

268 1977 512 2024 venisset.

346 2044 392 2092 1.
403 2058 540 2107 quae
562 2044 721 2092 verba
747 2047 1063 2124 contorquet
1068 2034 1295 2094 ‘schleu-

274 2109 389 2159 dert
424 2124 478 2160 er
511 2125 675 2175 gegen
712 2105 835 2174 ihn’,
871 2111 966 2160 mit
999 2111 1140 2162 einer
1173 2126 1328 2162 vom

211 2217 216 2222 .
275 2176 578 2258 Wursspeer
646 2178 944 2229 entlehnten
1017 2177 1298 2244 Metapher‚

260 2235 379 2296 wie
401 2244 485 2297 IV.
509 2247 593 2307 36,
628 2249 691 2298 77
729 2261 781 2297 ιι.
808 2245 871 2296 de
897 2262 970 2297 or.
996 2246 1031 2297 1.
1057 2250 1140 2310 57,
1165 2249 1294 2299 242:

180 2344 184 2346 ἡ
277 2331 312 2364 a
357 2329 461 2378 quo
498 2329 619 2364 cum
658 2317 959 2364 amentatas
995 2284 1175 2365 haetds
1209 2328 1296 2365 ac·

278 2384 494 2447 ceperit,
539 2385 652 2447 ipse
686 2398 776 2432 eae
812 2386 1047 2433 oratorie
1082 2383 1297 2434 lacertis

275 2452 590 2514 viribusque
626 2453 911 2515 torquebit.

348 2520 396 2570 2.
420 2519 624 2582 rhetor,
659 2519 1110 2583 uicina-orator,
1145 2518 1292 2572 sond.

268 2556 707 2649 ‘Redekunstl’er’‚
744 2586 829 2637 bei
864 2586 1040 2638 Cicero
1077 2602 1173 2637 nur
1200 2602 1300 2638 von

277 2655 396 2706 dem
435 2654 746 2706 theoretisch
775 2654 1067 2719 gebildeten
1092 2653 1302 2706 Meister

279 2723 589 2788 gebraucht;
636 2723 740 2788 vgl.
789 2721 853 2773 de
897 2739 970 2774 or.
1019 2723 1074 2774 11.
1118 2725 1296 2786 3,10;

277 2806 449 2842 unum
467 2794 676 2856 putasti
699 2794 833 2839 satis
855 2808 964 2841 esse
996 2808 1105 2842 non
1142 2793 1299 2842 modo

278 2865 341 2910 in
364 2876 475 2910 una
497 2858 713 2922 familia
731 2860 997 2909 rhetorem
1021 2860 1116 2910 sed
1130 2875 1302 2925 paene

279 2933 342 2979 in
380 2932 493 2978 tota
528 2929 764 2978 civitate.

354 3001 400 3047 5.
438 2996 713 3056 Homerus,
753 2994 808 3046 ll.
845 2992 928 3044 Vl.
966 2997 1060 3045 201
1102 2993 1162 3043 ss:

351 3060 473 3129 ἦτοι
517 3059 548 3114 ὁ
596 3059 709 3114 κὰπ
726 3058 946 3181 ἶιιτιιδίλοέ
989 3062 1053 3114 τὸ
1091 3057 1302 3127 Ἀλήϊον

695 3149 724 3181 o
747 3146 802 3181 os
835 3149 871 3179 a
940 3148 1021 3189 το,

355 3217 426 3250 ον
458 3196 649 3265 θὐμόν
682 3193 951 3255 κατέδων,
999 3191 1178 3249 πάτον
1214 3190 1245 3246 ι’
1253 3216 1310 3246 ν-

694 3265 776 3335 θρ
780 3263 956 3318 ώπων
988 3262 1264 3317 ἀλεείνων.

285 3335 381 3386 Die
405 3334 646 3386 Aleische
675 3285 850 3385 Ebene
887 3335 970 3399 lag
1008 3336 1090 3385 bei
1124 3332 1310 3384 Mallos

284 3405 342 3455 in
398 3403 608 3454 Cilicien
670 3404 776 3454 und
829 3404 972 3453 hatte
1026 3401 1157 3453 nach
1210 3403 1309 3453 den

286 3471 464 3523 Schol.
513 3486 557 3522 z.
592 3470 738 3521 Hom.
783 3471 819 3521 l.
855 3470 889 3520 l
934 3470 1075 3521 ihren
1113 3469 1309 3520 Numen

288 3541 422 3590 eben
465 3532 578 3590 ἀπὸ
611 3539 706 3603 τῆς
738 3538 835 3589 τοῦ
871 3534 1311 3605 Βελλεροφόντου

289 3604 391 3671 ἄλη
394 3622 433 3658 s.
501 3606 594 3659 Die
628 3605 821 3657 'l'rauer
855 3604 946 3657 des
980 3605 1111 3657 Bell.
1146 3605 1311 3669 bezog

289 3677 401 3727 sich
455 3675 550 3727 auf
596 3674 694 3726 den
742 3673 854 3725 Tod
909 3674 1076 3724 seiner
1126 3673 1312 3725 beiden

290 3743 483 3795 Kinder
504 3742 710 3794 lsander
743 3743 846 3794 und
880 3741 1169 3804 Laodamia,
1206 3756 1313 3791 wo-

291 3828 395 3864 von
433 3810 663 3863 Glaukos
699 3811 783 3862 bei
818 3809 963 3860 Hom.
999 3809 1054 3860 ll.
1091 3807 1175 3861 Vl.
1212 3812 1310 3862 155

291 3882 463 3932 -205
501 3880 709 3932 erzahlt.

1470 1772 1518 1822 8.
1553 1771 1628 1820 Et
1658 1768 1838 1821 Nioba
1878 1769 2112 1835 fingitur
2147 1774 2244 1821 cet.
2313 1767 2420 1819 Aur

1399 1838 1491 1889 das
1516 1853 1981 1904 vorangegangene
2016 1843 2078 1888 ut
2101 1866 2162 1874 —
2202 1838 2304 1887 alii
2335 1853 2419 1886 so·

1398 1907 1654 1956 titudines
1689 1912 1907 1971 captent
1951 1907 2105 1958 sollte
2142 1904 2418 1971 eigentlich

1398 1974 1600 2039 folgen.
1661 1975 1763 2026 alii
1820 1979 2097 2026 aeternum
2146 1975 2419 2025 silentium

1394 2048 1631 2106 servent,
1677 2048 1741 2093 ut
1772 2041 1977 2107 Nioba,
2024 2059 2163 2108 quae
2195 2042 2421 2104 ideirco,

1399 2111 1581 2169 oredo,
1626 2111 1840 2175 lapidea
1875 2112 2124 2174 fingitur.
2194 2109 2293 2159 Zur
2329 2109 2421 2159 Sa·

1401 2179 1497 2229 che
1528 2178 1631 2244 vgl.
1667 2176 1815 2230 Hom.
1861 2179 1915 2229 ll.
1953 2177 2129 2230 xxiv,
2167 2179 2265 2230 602
2290 2175 2344 2231 ff.
2367 2193 2419 2229 u.

1401 2245 1549 2299 Ovid.
1588 2245 1709 2297 Met.
1747 2245 1829 2299 Vl.
1869 2248 1966 2299 146
1991 2245 2043 2297 ff.

1468 2318 1517 2367 9.
1538 2315 1823 2367 Hecubam.
1850 2313 1941 2366 Ov.
1962 2312 2081 2364 Met.
2099 2311 2223 2364 xlu.
2243 2314 2344 2365 549
2363 2310 2417 2363 ff.

1470 2386 1549 2435 11.
1588 2382 1829 2444 delectat,
1865 2382 2006 2434 nicht
2030 2383 2262 2442 delectet,
2300 2379 2422 2431 weil

1400 2451 1503 2502 Cic.
1540 2450 1623 2500 die
1653 2449 1949 2501 bestimmte
1975 2449 2184 2513 Person,
2220 2447 2422 2500 welche

1398 2533 1453 2569 er
1488 2518 1566 2569 als
1601 2516 1828 2584 Beispiel
1865 2517 2090 2582 anffihrt‚
2126 2516 2317 2568 bereits
2351 2517 2422 2567 im

1407 2585 1568 2638 Sinne
1602 2586 1758 2638 hatte.

1477 2656 1556 2707 12.
1592 2654 1742 2718 apud
1760 2654 2000 2704 Ennium
2023 2656 2232 2718 nutrix,
2256 2652 2309 2702 in
2335 2651 2425 2702 der

1400 2721 1580 2774 Medea
1618 2722 1780 2773 exsul.
1848 2722 1919 2773 Ῑιιι
1956 2720 2425 2788 Origina1,Eurip.

1400 2789 1536 2842 Med.
1570 2805 1635 2844 v,-
1658 2793 1724 2842 46
1750 2805 1888 2857 sqq..

1466 2853 1609 2929 Ἐγὼ
1667 2856 1774 2928 γὰρ
1837 2860 1889 2908 ἐς
1948 2852 2103 2909 τοῦτ’
2168 2849 2423 2922 ἐκβέβηκ’

1812 2919 2123 3010 ἀλγηδόνος,

1477 2986 1629 3046 ὥσθ’
1680 2994 1859 3063 ῗμεοος
1901 2990 1964 3059 μ’
2008 2991 2230 3060 ὑπῆλθε
2261 2994 2331 3064 γῇ
2368 3010 2428 3043 τε

1814 3061 2065 3129 κούρανῷ

1482 3128 1655 3195 λέξαι,
1706 3127 1945 3202 μολούσῃ
1991 3111 2166 3214 δεῦρο,
2193 3125 2430 3181 δεσποί·

1818 3217 1912 3263 νηε
1946 3197 2121 3263 τύχας.

1482 3269 1563 3317 14.
1606 3264 1791 3315 Medea
1817 3267 1993 3319 wurde
2026 3269 2079 3317 in
2104 3265 2317 3318 Korinth
2342 3279 2432 3314 um

1412 3333 1502 3384 der
1536 3333 1761 3398 Glauke,
1812 3335 1901 3386 der
1936 3334 2159 3386 Tochter
2205 3333 2297 3383 des
2330 3329 2436 3382 Κό-

1412 3403 1529 3467 nigs
1567 3399 1736 3453 Kreon
1773 3405 1965 3465 willen‚
2000 3417 2101 3453 von
2137 3402 2282 3453 lason
2318 3414 2435 3450 ver-

1412 3473 1609 3521 stot‘sen
1658 3469 1759 3520 und
1809 3471 2093 3523 ermol-dete
2139 3485 2229 3520 zur
2262 3467 2438 3519 Rache

1413 3538 1562 3591 dafiir
1600 3536 1710 3587 ihre
1744 3541 2121 3602 gemeinsamen
2160 3536 2363 3588 Kinder.

1487 3609 1564 3659 15.
1591 3621 1718 3656 vera
1741 3633 1808 3653 ε.-
1833 3624 2021 3674 aequa,
2043 3609 2205 3669 iusta,
2226 3605 2328 3656 wie
2351 3606 2437 3664 29.

1415 3677 1497 3726 73.
1543 3671 1659 3723 Hor.
1696 3676 1845 3743 epist.
1878 3676 1914 3727 1.
1986 3677 2129 3736 ,982
2167 3673 2349 3724 Metiri
2382 3689 2443 3721 se

1414 3757 1674 3806 quemque
1704 3762 1802 3796 suo
1836 3744 2051 3795 modulo
2086 3759 2150 3794 ac
2182 3742 2319 3809 pede
2351 3757 2439 3791 ve-

1415 3826 1539 3859 rum
1574 3813 1666 3860 est.

1488 3882 1570 3932 16.
1607 3879 1737 3930 haee
1764 3882 1921 3945 quasi
1946 3877 2123 3942 officii
2143 3877 2287 3943 (Gen.
2314 3876 2442 3941 obi.)
