2834 4317
904 184 1094 237 uena
1130 185 1192 240 v,
1229 189 1312 253 24,
1332 188 1414 240 69.
1452 189 1534 250 25,
1554 191 1637 241 το.
2291 186 2411 247 139

255 357 456 420 omnis
486 376 621 419 cum
655 356 946 419 subtilitas
981 357 1306 420 disserendi
1332 366 1464 421 tum
1491 359 1706 421 veritas
1741 358 2056 421 iudicandi.
2119 361 2253 432 Quo
2281 369 2415 422 tan·
2457 372 2516 422 69

257 444 396 505 dem
427 443 610 524 igitur
650 443 864 523 gaudio
907 443 1075 504 adfici
1108 463 1351 505 necesse
1393 453 1479 506 est
1522 445 1806 524 sapientis
1850 445 2112 507 animum
2143 465 2279 507 cum
2322 447 2413 509 his

252 529 618 590 habitantem
660 536 1235 609 pernoctantemque
1266 530 1454 604 curis,
1497 539 1563 590 ut
1594 548 1732 591 cum
1760 531 1939 592 totius
1980 531 2186 593 mundi
2217 539 2414 594 motus

257 614 798 693 conversionesque
820 614 1192 693 perspexerit
1204 614 1517 693 sideraque
1541 614 1752 676 viderit
1772 615 2224 678 innumerabilia
2252 617 2411 679 caelo

176 709 208 758 5
255 699 625 760 inhaerentia
669 717 805 760 cum
851 699 977 760 eius
1022 699 1206 778 ipsius
1246 709 1410 761 motu
1452 718 1786 780 congruere
1828 701 2003 762 certis
2045 701 2225 762 infixa
2256 702 2411 764 sedi·
2479 725 2484 729 ·

253 784 406 857 bus»,
448 793 675 864 septem
707 784 816 845 alia
861 803 1002 846 suos
1045 802 1314 864 quaeque
1356 792 1563 846 tenere
1606 804 1813 847 cursus
1853 786 2106 848 multum
2147 787 2305 848 inter
2345 806 2409 849 se

257 879 359 931 aut
405 868 713 931 altitudine
742 877 844 930 aut
883 869 1211 930 humilitate
1255 870 1562 943 distantia,
1608 888 1860 949 quorum
1902 872 2033 951 vagi
2062 880 2257 933 motus
2286 881 2411 933 rata

260 964 456 1016 tamen
504 963 563 1016 et
614 964 776 1016 certa
821 953 912 1016 sui
959 973 1169 1016 cursus
1215 955 1399 1035 spatia
1439 955 1741 1017 definiant.
1841 956 2069 1017 Horum
2131 957 2409 1018 nimirum

259 1048 534 1120 aspectus
576 1040 807 1120 impulit
844 1039 975 1102 illos
1017 1048 1247 1101 veteres
1279 1048 1338 1101 et
1388 1040 1697 1117 admonuit
1739 1049 1805 1101 ut
1834 1042 2006 1120 plura
2035 1051 2410 1122 quaererent.

153 1133 215 1185 10
258 1126 404 1187 Inde
435 1133 523 1187 est
562 1124 858 1205 indagatio
903 1135 1037 1187 nata
1079 1125 1386 1186 initiorum
1432 1133 1490 1186 et
1533 1133 1831 1205 tamquam
1876 1127 2206 1203 seminum,
2251 1128 2411 1189 unde

260 1217 458 1272 essent
488 1210 684 1271 omnia
716 1219 863 1284 orta,
896 1218 1195 1290 generata,
1228 1224 1528 1284 concreta,
1560 1228 1831 1290 quaeque
1855 1211 2143 1292 cuiusque
2173 1213 2413 1293 generis

256 1295 347 1356 vel
376 1295 623 1357 inanimi
652 1296 745 1356 vel
774 1295 1089 1357 animantis
1119 1296 1211 1356 vel
1239 1296 1388 1357 muti
1410 1296 1501 1356 vel
1530 1296 1828 1374 loquentis
1858 1296 2024 1375 origo
2042 1344 2057 1373 ,
2096 1316 2247 1376 quae
2278 1297 2409 1373 vita,

259 1381 359 1459 qui
389 1380 666 1443 interitus
697 1399 965 1461 quaeque
1007 1399 1076 1441 ex
1120 1380 1233 1442 alio
1278 1381 1339 1442 in
1370 1380 1525 1442 aliud
1557 1381 1895 1443 vicissitudo
1938 1390 2114 1461 atque
2145 1382 2410 1457 mutatio,

257 1464 415 1527 unde
446 1473 606 1527 terra
636 1474 695 1527 et
723 1465 939 1545 quibus
977 1465 1187 1528 librata
1231 1466 1628 1546 ponderibus,
1674 1466 1890 1545 quibus
1932 1467 2198 1529 cavernis
2228 1467 2409 1528 maria

146 1558 208 1610 15
255 1551 691 1625 sustineantur,
737 1570 851 1630 qua
882 1551 1081 1613 omnia
1120 1551 1307 1612 delata
1347 1551 1628 1630 gravitate
1670 1551 1929 1612 medium
1958 1552 2164 1614 mundi
2210 1553 2409 1614 locum

257 1655 491 1717 semper
519 1644 815 1716 expetant,
846 1637 947 1715 qui
979 1647 1067 1699 est
1097 1637 1253 1698 idem
1281 1637 1524 1698 infimus
1552 1637 1613 1697 in
1646 1637 1926 1698 rotundo.

425 1722 583 1783 Haec
612 1723 891 1783 tractanti
921 1723 1119 1783 animo
1153 1730 1212 1783 et
1240 1722 1435 1783 noctis
1478 1730 1536 1783 et
1565 1722 1689 1783 dies
1732 1722 2015 1801 cogitanti
2052 1723 2276 1784 exsistit
2305 1722 2400 1783 illa
2434 1703 2511 1759 25

257 1826 288 1868 a
335 1807 443 1867 deo
487 1807 728 1887 Delphis
778 1816 1094 1887 praecepta
1137 1807 1429 1886 cogniti0,
1485 1814 1549 1868 ut
1590 1806 1717 1886 ipsa
1768 1826 1833 1868 se
1873 1826 2044 1870 mens
2088 1807 2411 1888 adgnoscat
2454 1786 2511 1836 70

257 1891 753 1971 coniunctamque
799 1911 933 1953 cum
966 1893 1161 1953 divina
1201 1901 1401 1955 mente
1445 1911 1509 1954 se
1538 1892 1784 1968 sentiat,
1827 1912 1898 1954 ex
1941 1912 2060 1972 quo
2090 1893 2408 1955 insatiabili

323 2028 370 2082 3.
406 2028 750 2091 habitantem
791 2027 892 2078 wie
926 2026 1004 2079 111.
1043 2030 1123 2092 34,
1160 2029 1242 2081 83.

1453 2027 1532 2079 13.
1588 2026 1895 2078 vicissitudo
1946 2031 2106 2093 atque
2151 2029 2406 2079 mutatio:

323 2097 496 2159 curis,
544 2095 646 2145 wie
691 2093 783 2146 das
828 2095 1016 2160 griech.
1063 2091 1277 2161 μελέτη,

1381 2094 1820 2160 wechselseitiger
1855 2082 2145 2161 slbergang.

253 2162 396 2214 nicht
419 2163 582 2214 selten
607 2177 712 2214 von
737 2163 1130 2215 wissenschaftl.
1157 2163 1278 2215 For-

253 2231 531 2296 scbungen.
580 2229 676 2281 Mit
697 2230 863 2282 lnhalt
886 2230 990 2283 und
1007 2231 1278 2284 Ausdruck

252 2299 421 2351 dieses
448 2298 627 2350 Satzes
650 2299 754 2365 vgl.
775 2314 825 2365 p.
853 2297 1004 2351 Areh.
1032 2303 1078 2363 7,
1104 2302 1185 2352 16.
1211 2328 1279 2338 -

176 2385 182 2391 ·
252 2366 323 2418 lm
357 2366 631 2433 folgenden
667 2367 737 2419 ist
769 2367 1015 2419 zunachst
1052 2383 1154 2419 von
1180 2368 1280 2420 den

253 2435 515 2487 Genfissen
541 2434 623 2487 die
647 2434 803 2499 Rede,
841 2435 1041 2487 welche
1075 2435 1158 2487 die
1180 2434 1280 2488 Be-

251 2503 578 2570 sebastigung
613 2503 706 2553 mit
740 2502 830 2555 der
854 2502 1052 2571 Physik
1078 2504 1282 2568 (Natur-

252 2571 597 2638 philosophie)
635 2571 883 2637 gewahrt.

317 2644 381 2689 ut
402 2655 523 2690 cum
543 2633 680 2690 ‘zum
699 2638 925 2706 Beispiel
941 2637 1106 2691 wenn’
1123 2660 1136 2701 3
1155 2655 1279 2705 per-

249 2711 488 2773 spexerit
521 2706 626 2759 und
660 2708 860 2758 viderit
900 2707 1014 2759 sind
1046 2708 1159 2760 Fut.
1196 2724 1277 2760 ex.

251 2776 345 2827 mit
389 2773 686 2841 Beziehung
732 2776 822 2827 auf
863 2775 1029 2837 adfici
1070 2793 1278 2828 necesse

252 2848 345 2908 est,
382 2843 544 2895 worin
576 2842 659 2895 die
683 2843 1138 2911 Futurbedeutung
1162 2844 1279 2910 (ad-

247 2912 484 2976 ficietur)
520 2910 661 2977 liegt.

316 2985 494 3031 motus
528 2982 1013 3045 conversionesque.
1085 2978 1203 3046 Vgl.
1239 2979 1275 3033 1.

250 3051 333 3111 28,
370 3050 452 3102 68.

333 3120 377 3169 5.
443 3131 561 3166 eum
597 3143 663 3154 —
700 3131 999 3181 congruere
1032 3108 1276 3168 ‘teilneh-

248 3199 367 3236 men
404 3177 512 3244 an';
551 3198 592 3236 S.
629 3199 692 3235 zu
733 3183 789 3235 V.
832 3188 875 3247 1,
921 3186 967 3237 3.

324 3254 371 3304 6.
394 3256 589 3317 septem
613 3253 742 3318 alia,
768 3252 850 3304 die
875 3251 992 3304 fans
1026 3251 1271 3304 Planeten

249 3323 311 3386 (S.
332 3321 367 3372 1.
388 3322 469 3384 25,
496 3321 580 3384 63)
606 3320 756 3371 nebst
777 3320 948 3373 Sonne
973 3320 1077 3372 und
1100 3318 1271 3372 Mond.

320 3393 366 3441 7.
410 3393 536 3439 rata
573 3390 809 3454 (epatia),
857 3388 1130 3455 cigentlich
1160 3381 1273 3440 ‘be-

246 3452 494 3522 rechnet’‚
530 3455 687 3508 daher
706 3448 833 3509 ‘fest
855 3451 1150 3509 bestimmt’.
1200 3455 1270 3508 So

249 3525 315 3577 de
351 3524 487 3579 deor.
525 3539 573 3576 n.
604 3524 660 3576 ll.
698 3526 781 3591 20,
818 3529 906 3578 51:
937 3530 1109 3576 metm
1132 3525 1272 3589 (stel-

251 3595 446 3658 larum)
472 3597 774 3644 constantes
798 3599 849 3645 et
881 3596 1010 3659 rati,
1046 3610 1095 3645 u.
1124 3592 1269 3645 oster.

320 3664 366 3715 8.
402 3663 580 3727 spatia
617 3661 903 3723 deliniant:
941 3661 1023 3714 die
1059 3659 1272 3713 Bahnen

247 3745 416 3797 genau
455 3727 736 3794 verfolgen.

318 3802 398 3852 10.
422 3799 727 3860 initiorum,
745 3797 982 3850 dasselbe
1001 3797 1103 3848 wie
1125 3796 1162 3861 1,
1191 3799 1269 3860 10,

249 3869 341 3921 22:
373 3867 788 3933 principiorum.

1453 2165 1534 2215 14.
1583 2165 1775 2228 quibus
1826 2163 2022 2214 librata
2056 2163 2404 2229 ponderibus.

1380 2229 1500 2296 vgl.
1528 2229 1674 2283 Ovid.
1699 2229 1824 2281 Met.
1848 2230 1884 2281 l.
1929 2234 2018 2285 13:
2063 2230 2240 2282 Tellus
2267 2248 2405 2298 pon—

1382 2298 1598 2349 deribus
1633 2299 1832 2349 librata
1866 2302 1996 2351 suis.

1455 2369 1534 2419 15.
1562 2358 2403 2432 sustineantur‘zuriickgehalten

1383 2427 1626 2486 werden'.
1694 2433 1812 2486 Man
1861 2434 2105 2500 beachte,
2151 2435 2263 2487 dass
2310 2434 2404 2487 des

1379 2501 1605 2570 Tempus
1639 2502 1729 2554 des
1754 2501 2101 2568 Konjunktivs
2136 2518 2253 2554 vom
2282 2502 2406 2554 Pra-

1379 2571 1587 2622 teritum
1606 2585 1723 2623 zum
1743 2570 1960 2623 Prasens
1980 2571 2246 2637 iibergeht.
2284 2570 2400 2637 Vgl.

1377 2638 1455 2690 ΠΙ.
1496 2642 1574 2702 19,
1615 2641 1704 2692 43:
1753 2642 2058 2705 cogitarent
2091 2667 2159 2677 —
2206 2655 2403 2691 exean-

1380 2708 1574 2758 duerit.

1380 2775 2059 2911 ‹abqiirg'ssi'iss‘ss‘gni'iii‘
2086 2791 2211 2896 {331
2223 2775 2402 2896 iiiiii

1379 2911 1485 2977 vgl.
1519 2911 1554 2963 Ι.
1584 2915 1664 2975 17,
1688 2915 1772 2965 40.

1451 2982 1530 3032 16.
1565 2981 1818 3043 rotundo,
1856 2980 2243 3033 substantiviert
2274 2979 2401 3047 (vgl.

1381 3051 1472 3112 15,
1497 3050 1587 3101 45:
1637 3051 1865 3114 beatum)
1900 3049 2001 3100 wie
2039 3051 2130 3113 35,
2168 3049 2290 3100 102:
2340 3050 2402 3098 in

1368 3117 1614 3182 pueliam
1652 3116 1706 3170 11.
1745 3118 1792 3182 2,
1825 3120 1886 3169 5:
1921 3119 1988 3169 ab
2026 3118 2242 3177 humili3
2289 3115 2399 3167 dies

1377 3185 1645 3248 geschieht
1691 3185 2002 3238 namentlich
2051 3185 2145 3237 mit
2190 3182 2399 3236 lokelen

1375 3250 1818 3318 Bezeichnungen.

1447 3324 1527 3375 17.
1574 3319 1641 3371 Es
1678 3322 1884 3373 werden
1922 3335 2026 3373 nun
2072 3321 2103 3384 §
2143 3322 2208 3372 70
2243 3334 2293 3371 u.
2333 3323 2393 3372 71

1375 3387 1461 3440 die
1498 3388 1753 3453 Frenden‚
1790 3388 1988 3442 welche
2026 3387 2118 3439 das
2157 3386 2397 3439 Studium

1375 3456 1466 3508 der
1497 3455 1988 3524 Moralphilosophie
2024 3455 2273 3522 gewahrt,
2310 3471 2398 3507 en-

1375 3525 1634 3591 gedeutet.

1445 3593 1518 3645 Zu
1542 3593 1642 3644 illa
1663 3622 1724 3630 -
1749 3593 2005 3658 cognitio,
2032 3607 2222 3645 wovon
2244 3597 2310 3644 ut
2331 3621 2397 3631 —

1375 3664 1576 3712 sentiat
1610 3661 1852 3726 abhfingt,
1888 3659 1989 3726 vgl.
2026 3660 2062 3712 l.
2102 3661 2186 3724 22,
2211 3663 2292 3714 52.

1411 3732 1526 3847 ⁶⁶1⁶&
1562 3733 1682 3795 ipsa
1716 3747 1786 3796 se,
1823 3744 1864 3782 S.
1901 3744 1964 3780 zu
1999 3728 2059 3784 11.
2084 3731 2132 3794 4,
2160 3733 2249 3784 11:
2285 3732 2398 3796 ipse

1372 3813 1418 3847 st
1454 3815 1493 3849 ι.

1444 3865 1756 3931 adgnoscat,
1793 3880 1834 3918 e.
1872 3880 1935 3917 zu
1967 3865 2003 3917 l.
2041 3867 2088 3930 8,
2118 3868 2196 3918 15.
