<?xml version="1.0" encoding="UTF-8"?>
<!DOCTYPE html PUBLIC "-//W3C//DTD XHTML 1.0 Transitional//EN"
    "http://www.w3.org/TR/xhtml1/DTD/xhtml1-transitional.dtd">
<html xmlns="http://www.w3.org/1999/xhtml" xml:lang="en" lang="en">
 <head>
  <title>
</title>
<meta http-equiv="Content-Type" content="text/html;charset=utf-8" />
  <meta name='ocr-system' content='tesseract 3.04.00' />
  <meta name='ocr-capabilities' content='ocr_page ocr_carea ocr_par ocr_line ocrx_word'/>
</head>
<body>
  <div class='ocr_page' id='page_1' title='image "./mtulliiciceroni02sorogoog_0188.png"; bbox 0 0 2834 4317; ppageno 0'>
   <div class='ocr_carea' id='block_1_1' title="bbox 418 111 1747 179">
    <p class='ocr_par' dir='ltr' id='par_1_1' title="bbox 418 111 1747 179">
     <span class='ocr_line' id='line_1_1' title="bbox 418 111 1747 179; baseline -0.003 -9"><span class='ocrx_word' id='word_1_1' title='bbox 418 111 505 170; x_wconf 81' lang='lat'><strong>22</strong></span> <span class='ocrx_word' id='word_1_2' title='bbox 1223 112 1411 166; x_wconf 71' lang='lat' dir='ltr'><strong>menn</strong></span> <span class='ocrx_word' id='word_1_3' title='bbox 1446 113 1524 169; x_wconf 86' lang='lat'><strong>111.</strong></span> <span class='ocrx_word' id='word_1_4' title='bbox 1566 114 1644 179; x_wconf 84' lang='lat'><strong>14,</strong></span> <span class='ocrx_word' id='word_1_5' title='bbox 1664 116 1747 167; x_wconf 84' lang='lat'><strong>30.</strong></span> 
     </span>
    </p>
   </div>
   <div class='ocr_carea' id='block_1_2' title="bbox 310 283 2683 1887">
    <p class='ocr_par' dir='ltr' id='par_1_2' title="bbox 506 283 2114 365">
     <span class='ocr_line' id='line_1_2' title="bbox 506 283 2114 365; baseline 0.002 -19"><span class='ocrx_word' id='word_1_6' title='bbox 506 284 658 346; x_wconf 89' lang='lat' dir='ltr'><strong>Nam</strong></span> <span class='ocrx_word' id='word_1_7' title='bbox 688 287 790 365; x_wconf 76' lang='lat' dir='ltr'><strong>qui</strong></span> <span class='ocrx_word' id='word_1_8' title='bbox 814 284 949 346; x_wconf 76' lang='lat' dir='ltr'><strong>hae&#39;c</strong></span> <span class='ocrx_word' id='word_1_9' title='bbox 982 286 1181 346; x_wconf 83' lang='lat' dir='ltr'><strong>audita</strong></span> <span class='ocrx_word' id='word_1_10' title='bbox 1208 303 1245 345; x_wconf 87' lang='lat' dir='ltr'><strong>a</strong></span> <span class='ocrx_word' id='word_1_11' title='bbox 1276 283 1440 347; x_wconf 69' lang='lat' dir='ltr'><strong>dacto</strong></span> <span class='ocrx_word' id='word_1_12' title='bbox 1469 287 1852 348; x_wconf 69' lang='lat' dir='ltr'><strong>meminissem</strong></span> <span class='ocrx_word' id='word_1_13' title='bbox 1881 291 2032 356; x_wconf 88' lang='lat' dir='ltr'><strong>viro,</strong></span> <span class='ocrx_word' id='word_1_14' title='bbox 2107 344 2114 349; x_wconf 81' lang='grc'><strong>.</strong></span> 
     </span>
    </p>

    <p class='ocr_par' dir='ltr' id='par_1_3' title="bbox 503 368 1783 433">
     <span class='ocr_line' id='line_1_3' title="bbox 503 368 1783 433; baseline 0.002 -4"><span class='ocrx_word' id='word_1_15' title='bbox 503 368 758 431; x_wconf 68' lang='lat' dir='ltr'><strong>Futuras</strong></span> <span class='ocrx_word' id='word_1_16' title='bbox 784 388 1004 431; x_wconf 78' lang='lat' dir='ltr'><strong>mecam</strong></span> <span class='ocrx_word' id='word_1_17' title='bbox 1034 370 1462 431; x_wconf 75' lang='lat' dir='ltr'><strong>commentabar</strong></span> <span class='ocrx_word' id='word_1_18' title='bbox 1488 375 1783 433; x_wconf 81' lang='lat' dir='ltr'><strong><em>miserias:</em></strong></span> 
     </span>
    </p>

    <p class='ocr_par' dir='ltr' id='par_1_4' title="bbox 502 454 2037 535">
     <span class='ocr_line' id='line_1_4' title="bbox 502 454 2037 535; baseline 0.002 -21"><span class='ocrx_word' id='word_1_19' title='bbox 502 454 616 515; x_wconf 80' lang='lat' dir='ltr'><strong>Aut</strong></span> <span class='ocrx_word' id='word_1_20' title='bbox 643 457 885 515; x_wconf 72' lang='lat' dir='ltr'><strong>mortem</strong></span> <span class='ocrx_word' id='word_1_21' title='bbox 914 455 1173 516; x_wconf 82' lang='lat' dir='ltr'><strong>acerbam</strong></span> <span class='ocrx_word' id='word_1_22' title='bbox 1202 465 1305 516; x_wconf 83' lang='lat' dir='ltr'><strong>aut</strong></span> <span class='ocrx_word' id='word_1_23' title='bbox 1332 456 1508 517; x_wconf 73' lang='lat' dir='ltr'><strong>exsili</strong></span> <span class='ocrx_word' id='word_1_24' title='bbox 1530 460 1803 518; x_wconf 76' lang='lat' dir='ltr'><strong>maestam</strong></span> <span class='ocrx_word' id='word_1_25' title='bbox 1831 458 2037 535; x_wconf 72' lang='lat' dir='ltr'><strong>fuyam</strong></span> 
     </span>
    </p>

    <p class='ocr_par' dir='ltr' id='par_1_5' title="bbox 501 538 1974 621">
     <span class='ocr_line' id='line_1_5' title="bbox 501 538 1974 621; baseline 0.003 -23"><span class='ocrx_word' id='word_1_26' title='bbox 501 538 615 599; x_wconf 81' lang='lat' dir='ltr'><strong>Aut</strong></span> <span class='ocrx_word' id='word_1_27' title='bbox 643 541 866 618; x_wconf 71' lang='lat' dir='ltr'><strong>semper</strong></span> <span class='ocrx_word' id='word_1_28' title='bbox 893 540 1148 621; x_wconf 78' lang='lat' dir='ltr'><em>aliquam</em></span> <span class='ocrx_word' id='word_1_29' title='bbox 1178 539 1383 601; x_wconf 73' lang='lat' dir='ltr'><strong>malem</strong></span> <span class='ocrx_word' id='word_1_30' title='bbox 1409 540 1731 602; x_wconf 76' lang='lat' dir='ltr'><strong>meditabar</strong></span> <span class='ocrx_word' id='word_1_31' title='bbox 1759 540 1919 612; x_wconf 88' lang='lat' dir='ltr'><strong>mali,</strong></span> <span class='ocrx_word' id='word_1_32' title='bbox 1963 566 1974 577; x_wconf 92' lang='lat'><strong>·</strong></span> 
     </span>
    </p>

    <p class='ocr_par' dir='ltr' id='par_1_6' title="bbox 502 622 2650 791">
     <span class='ocr_line' id='line_1_6' title="bbox 513 622 2650 704; baseline 0 -20"><span class='ocrx_word' id='word_1_33' title='bbox 513 622 604 694; x_wconf 87' lang='lat' dir='ltr'><strong>Ut,</strong></span> <span class='ocrx_word' id='word_1_34' title='bbox 632 629 690 685; x_wconf 81' lang='lat' dir='ltr'><strong>si</strong></span> <span class='ocrx_word' id='word_1_35' title='bbox 717 643 830 704; x_wconf 82' lang='lat' dir='ltr'><strong>qua</strong></span> <span class='ocrx_word' id='word_1_36' title='bbox 860 628 1084 686; x_wconf 81' lang='lat' dir='ltr'><strong>invecta</strong></span> <span class='ocrx_word' id='word_1_37' title='bbox 1114 627 1319 686; x_wconf 79' lang='lat' dir='ltr'><strong>diritas</strong></span> <span class='ocrx_word' id='word_1_38' title='bbox 1349 627 1483 686; x_wconf 65' lang='lat' dir='ltr'><strong>casii</strong></span> <span class='ocrx_word' id='word_1_39' title='bbox 1512 627 1683 703; x_wconf 84' lang='lat' dir='ltr'><strong>foret,</strong></span> <span class='ocrx_word' id='word_1_40' title='bbox 2618 635 2650 684; x_wconf 83' lang='lat'><strong>5</strong></span> 
     </span>
     <span class='ocr_line' id='line_1_7' title="bbox 502 707 1809 791; baseline 0.002 -22"><span class='ocrx_word' id='word_1_41' title='bbox 502 707 588 770; x_wconf 87' lang='lat' dir='ltr'><strong>Ne</strong></span> <span class='ocrx_word' id='word_1_42' title='bbox 616 728 705 769; x_wconf 89' lang='lat' dir='ltr'><strong>me</strong></span> <span class='ocrx_word' id='word_1_43' title='bbox 733 714 1085 788; x_wconf 82' lang='lat' dir='ltr'><strong>imparatum</strong></span> <span class='ocrx_word' id='word_1_44' title='bbox 1115 712 1256 772; x_wconf 65' lang='lat' dir='ltr'><strong>cara</strong></span> <span class='ocrx_word' id='word_1_45' title='bbox 1285 709 1564 771; x_wconf 81' lang='lat' dir='ltr'><strong>lacerare&#39;t</strong></span> <span class='ocrx_word' id='word_1_46' title='bbox 1589 728 1809 791; x_wconf 71' lang='lat' dir='ltr'><strong>reperte.</strong></span> 
     </span>
    </p>

    <p class='ocr_par' dir='ltr' id='par_1_7' title="bbox 310 785 2683 1887">
     <span class='ocr_line' id='line_1_8' title="bbox 310 785 2570 872; baseline 0.001 -21"><span class='ocrx_word' id='word_1_47' title='bbox 310 802 371 854; x_wconf 77' lang='lat'><strong>30</strong></span> <span class='ocrx_word' id='word_1_48' title='bbox 417 793 587 865; x_wconf 90' lang='lat' dir='ltr'><strong>Quod</strong></span> <span class='ocrx_word' id='word_1_49' title='bbox 631 801 825 864; x_wconf 82' lang='lat' dir='ltr'><strong>autem</strong></span> <span class='ocrx_word' id='word_1_50' title='bbox 871 793 1134 855; x_wconf 82' lang='lat' dir='ltr'><strong>Theseus</strong></span> <span class='ocrx_word' id='word_1_51' title='bbox 1172 789 1231 854; x_wconf 85' lang='lat' dir='ltr'><strong>‘a</strong></span> <span class='ocrx_word' id='word_1_52' title='bbox 1273 785 1478 855; x_wconf 84' lang='lat' dir='ltr'><strong>docto&#39;</strong></span> <span class='ocrx_word' id='word_1_53' title='bbox 1528 813 1591 856; x_wconf 88' lang='lat' dir='ltr'><strong>se</strong></span> <span class='ocrx_word' id='word_1_54' title='bbox 1623 795 1852 857; x_wconf 83' lang='lat' dir='ltr'><strong>audisse</strong></span> <span class='ocrx_word' id='word_1_55' title='bbox 1897 794 2054 868; x_wconf 88' lang='lat' dir='ltr'><strong>dicit,</strong></span> <span class='ocrx_word' id='word_1_56' title='bbox 2100 793 2155 854; x_wconf 87' lang='lat' dir='ltr'><strong>id</strong></span> <span class='ocrx_word' id='word_1_57' title='bbox 2203 794 2276 855; x_wconf 91' lang='lat' dir='ltr'><strong>de</strong></span> <span class='ocrx_word' id='word_1_58' title='bbox 2318 812 2383 854; x_wconf 88' lang='lat' dir='ltr'><strong>se</strong></span> <span class='ocrx_word' id='word_1_59' title='bbox 2429 792 2570 872; x_wconf 84' lang='lat' dir='ltr'><strong>ipso</strong></span> 
     </span>
     <span class='ocr_line' id='line_1_9' title="bbox 412 878 2572 959; baseline -0.001 -20"><span class='ocrx_word' id='word_1_60' title='bbox 412 878 678 957; x_wconf 85' lang='lat' dir='ltr'><strong>loquitur</strong></span> <span class='ocrx_word' id='word_1_61' title='bbox 707 878 1037 958; x_wconf 86' lang='lat' dir='ltr'><strong>Euripides.</strong></span> <span class='ocrx_word' id='word_1_62' title='bbox 1098 879 1317 940; x_wconf 84' lang='lat' dir='ltr'><strong>Fuerat</strong></span> <span class='ocrx_word' id='word_1_63' title='bbox 1345 879 1506 940; x_wconf 88' lang='lat' dir='ltr'><strong>enim</strong></span> <span class='ocrx_word' id='word_1_64' title='bbox 1538 880 1772 940; x_wconf 82' lang='lat' dir='ltr'><strong>auditor</strong></span> <span class='ocrx_word' id='word_1_65' title='bbox 1800 882 2204 959; x_wconf 79' lang='lat' dir='ltr'><strong>Anaxagorae,</strong></span> <span class='ocrx_word' id='word_1_66' title='bbox 2249 895 2426 957; x_wconf 84' lang='lat' dir='ltr'><strong>quem</strong></span> <span class='ocrx_word' id='word_1_67' title='bbox 2471 878 2572 938; x_wconf 85' lang='lat' dir='ltr'><strong>fe-</strong></span> 
     </span>
     <span class='ocr_line' id='line_1_10' title="bbox 411 961 2567 1043; baseline -0 -20"><span class='ocrx_word' id='word_1_68' title='bbox 411 971 558 1024; x_wconf 84' lang='lat' dir='ltr'><strong>runt</strong></span> <span class='ocrx_word' id='word_1_69' title='bbox 589 963 855 1024; x_wconf 84' lang='lat' dir='ltr'><strong>nuntiata</strong></span> <span class='ocrx_word' id='word_1_70' title='bbox 885 968 1075 1025; x_wconf 85' lang='lat' dir='ltr'><strong>morte</strong></span> <span class='ocrx_word' id='word_1_71' title='bbox 1105 963 1208 1024; x_wconf 83' lang='lat' dir='ltr'><strong>filii</strong></span> <span class='ocrx_word' id='word_1_72' title='bbox 1238 964 1483 1026; x_wconf 85' lang='lat' dir='ltr'><strong>dixisse:</strong></span> <span class='ocrx_word' id='word_1_73' title='bbox 1517 963 1773 1026; x_wconf 77' lang='lat' dir='ltr'><strong>Sciebam</strong></span> <span class='ocrx_word' id='word_1_74' title='bbox 1801 983 1892 1026; x_wconf 85' lang='lat' dir='ltr'><strong>me</strong></span> <span class='ocrx_word' id='word_1_75' title='bbox 1933 968 2193 1043; x_wconf 73' lang='lat' dir='ltr'><strong>qenaisse</strong></span> <span class='ocrx_word' id='word_1_76' title='bbox 2237 961 2567 1024; x_wconf 77' lang='lat' dir='ltr'><strong>mortalem.</strong></span> 
     </span>
     <span class='ocr_line' id='line_1_11' title="bbox 413 1047 2683 1128; baseline -0.001 -19"><span class='ocrx_word' id='word_1_77' title='bbox 413 1047 577 1119; x_wconf 88' lang='lat' dir='ltr'><strong>Quae</strong></span> <span class='ocrx_word' id='word_1_78' title='bbox 608 1067 719 1108; x_wconf 85' lang='lat' dir='ltr'><strong>vox</strong></span> <span class='ocrx_word' id='word_1_79' title='bbox 749 1048 1005 1110; x_wconf 83' lang='lat' dir='ltr'><strong>declarat</strong></span> <span class='ocrx_word' id='word_1_80' title='bbox 1035 1048 1107 1110; x_wconf 90' lang='lat' dir='ltr'><strong>iis</strong></span> <span class='ocrx_word' id='word_1_81' title='bbox 1137 1067 1266 1111; x_wconf 89' lang='lat' dir='ltr'><strong>esse</strong></span> <span class='ocrx_word' id='word_1_82' title='bbox 1296 1049 1445 1110; x_wconf 86' lang='lat' dir='ltr'><strong>haec</strong></span> <span class='ocrx_word' id='word_1_83' title='bbox 1473 1050 1708 1122; x_wconf 87' lang='lat' dir='ltr'><strong>acerba,</strong></span> <span class='ocrx_word' id='word_1_84' title='bbox 1739 1049 1955 1128; x_wconf 85' lang='lat' dir='ltr'><strong>quihus</strong></span> <span class='ocrx_word' id='word_1_85' title='bbox 1986 1068 2108 1110; x_wconf 89' lang='lat' dir='ltr'><strong>non</strong></span> <span class='ocrx_word' id='word_1_86' title='bbox 2142 1047 2366 1109; x_wconf 80' lang='lat' dir='ltr'><strong>fuerint</strong></span> <span class='ocrx_word' id='word_1_87' title='bbox 2395 1047 2571 1126; x_wconf 84' lang='lat' dir='ltr'><strong>cogi-</strong></span> <span class='ocrx_word' id='word_1_88' title='bbox 2617 1057 2683 1108; x_wconf 82' lang='lat'><strong>10·</strong></span> 
     </span>
     <span class='ocr_line' id='line_1_12' title="bbox 408 1132 2570 1213; baseline -0.001 -20"><span class='ocrx_word' id='word_1_89' title='bbox 408 1141 543 1194; x_wconf 88' lang='lat' dir='ltr'><strong>tata.</strong></span> <span class='ocrx_word' id='word_1_90' title='bbox 612 1132 771 1213; x_wconf 89' lang='lat' dir='ltr'><strong>Ergo</strong></span> <span class='ocrx_word' id='word_1_91' title='bbox 803 1134 859 1194; x_wconf 91' lang='lat' dir='ltr'><strong>id</strong></span> <span class='ocrx_word' id='word_1_92' title='bbox 891 1134 1126 1212; x_wconf 89' lang='lat' dir='ltr'><strong>quidem</strong></span> <span class='ocrx_word' id='word_1_93' title='bbox 1161 1153 1282 1195; x_wconf 88' lang='lat' dir='ltr'><strong>non</strong></span> <span class='ocrx_word' id='word_1_94' title='bbox 1316 1133 1593 1208; x_wconf 91' lang='lat' dir='ltr'><strong>dubium,</strong></span> <span class='ocrx_word' id='word_1_95' title='bbox 1624 1135 1770 1213; x_wconf 85' lang='lat' dir='ltr'><strong>quin</strong></span> <span class='ocrx_word' id='word_1_96' title='bbox 1803 1134 2035 1206; x_wconf 89' lang='lat' dir='ltr'><strong>omnia,</strong></span> <span class='ocrx_word' id='word_1_97' title='bbox 2074 1150 2225 1212; x_wconf 90' lang='lat' dir='ltr'><strong>quae</strong></span> <span class='ocrx_word' id='word_1_98' title='bbox 2255 1132 2404 1192; x_wconf 92' lang='lat' dir='ltr'><strong>mala</strong></span> <span class='ocrx_word' id='word_1_99' title='bbox 2444 1150 2570 1210; x_wconf 87' lang='lat' dir='ltr'><strong>pu-</strong></span> 
     </span>
     <span class='ocr_line' id='line_1_13' title="bbox 407 1217 2570 1298; baseline -0 -20"><span class='ocrx_word' id='word_1_100' title='bbox 407 1226 629 1290; x_wconf 85' lang='lat' dir='ltr'><strong>tentur,</strong></span> <span class='ocrx_word' id='word_1_101' title='bbox 674 1220 795 1279; x_wconf 83' lang='lat' dir='ltr'><strong>sint</strong></span> <span class='ocrx_word' id='word_1_102' title='bbox 819 1219 1131 1298; x_wconf 85' lang='lat' dir='ltr'><strong>improvisa</strong></span> <span class='ocrx_word' id='word_1_103' title='bbox 1154 1219 1440 1298; x_wconf 85' lang='lat' dir='ltr'><strong>graviora.</strong></span> <span class='ocrx_word' id='word_1_104' title='bbox 1493 1219 1698 1298; x_wconf 86' lang='lat' dir='ltr'><strong>ltaque</strong></span> <span class='ocrx_word' id='word_1_105' title='bbox 1723 1236 2079 1298; x_wconf 87' lang='lat' dir='ltr'><strong>quamquam</strong></span> <span class='ocrx_word' id='word_1_106' title='bbox 2116 1236 2238 1279; x_wconf 91' lang='lat' dir='ltr'><strong>non</strong></span> <span class='ocrx_word' id='word_1_107' title='bbox 2263 1217 2410 1278; x_wconf 90' lang='lat' dir='ltr'><strong>haec</strong></span> <span class='ocrx_word' id='word_1_108' title='bbox 2439 1235 2570 1278; x_wconf 85' lang='lat' dir='ltr'><strong>una</strong></span> 
     </span>
     <span class='ocr_line' id='line_1_14' title="bbox 407 1303 2571 1384; baseline -0 -22"><span class='ocrx_word' id='word_1_109' title='bbox 407 1321 504 1364; x_wconf 88' lang='lat' dir='ltr'><strong>res</strong></span> <span class='ocrx_word' id='word_1_110' title='bbox 536 1304 715 1365; x_wconf 85' lang='lat' dir='ltr'><strong>efficit</strong></span> <span class='ocrx_word' id='word_1_111' title='bbox 754 1304 1064 1365; x_wconf 86' lang='lat' dir='ltr'><strong>maximam</strong></span> <span class='ocrx_word' id='word_1_112' title='bbox 1097 1304 1549 1384; x_wconf 83' lang='lat' dir='ltr'><strong>aegritudinem,</strong></span> <span class='ocrx_word' id='word_1_113' title='bbox 1592 1313 1814 1376; x_wconf 89' lang='lat' dir='ltr'><strong>tamen,</strong></span> <span class='ocrx_word' id='word_1_114' title='bbox 1854 1304 2134 1383; x_wconf 89' lang='lat' dir='ltr'><strong>quoniam</strong></span> <span class='ocrx_word' id='word_1_115' title='bbox 2165 1303 2416 1363; x_wconf 90' lang='lat' dir='ltr'><strong>multum</strong></span> <span class='ocrx_word' id='word_1_116' title='bbox 2447 1320 2571 1381; x_wconf 90' lang='lat' dir='ltr'><strong>po-</strong></span> 
     </span>
     <span class='ocr_line' id='line_1_15' title="bbox 405 1386 2570 1469; baseline 0 -22"><span class='ocrx_word' id='word_1_117' title='bbox 405 1396 522 1450; x_wconf 86' lang='lat' dir='ltr'><strong>test</strong></span> <span class='ocrx_word' id='word_1_118' title='bbox 550 1389 806 1469; x_wconf 87' lang='lat' dir='ltr'><strong>provisio</strong></span> <span class='ocrx_word' id='word_1_119' title='bbox 835 1389 1013 1450; x_wconf 91' lang='lat' dir='ltr'><strong>animi</strong></span> <span class='ocrx_word' id='word_1_120' title='bbox 1047 1398 1105 1450; x_wconf 88' lang='lat' dir='ltr'><strong>et</strong></span> <span class='ocrx_word' id='word_1_121' title='bbox 1132 1389 1504 1469; x_wconf 84' lang='lat' dir='ltr'><strong>praeparatio</strong></span> <span class='ocrx_word' id='word_1_122' title='bbox 1542 1389 1612 1450; x_wconf 94' lang='lat' dir='ltr'><strong>ad</strong></span> <span class='ocrx_word' id='word_1_123' title='bbox 1660 1388 2051 1450; x_wconf 89' lang='lat' dir='ltr'><strong>minuendum</strong></span> <span class='ocrx_word' id='word_1_124' title='bbox 2093 1387 2393 1460; x_wconf 85' lang='lat' dir='ltr'><strong>dolorem,</strong></span> <span class='ocrx_word' id='word_1_125' title='bbox 2437 1386 2570 1447; x_wconf 87' lang='lat' dir='ltr'><strong>sint</strong></span> 
     </span>
     <span class='ocr_line' id='line_1_16' title="bbox 405 1472 2676 1553; baseline 0 -20"><span class='ocrx_word' id='word_1_126' title='bbox 405 1492 641 1553; x_wconf 87' lang='lat' dir='ltr'><strong>semper</strong></span> <span class='ocrx_word' id='word_1_127' title='bbox 692 1474 885 1534; x_wconf 90' lang='lat' dir='ltr'><strong>omnia</strong></span> <span class='ocrx_word' id='word_1_128' title='bbox 930 1474 1157 1534; x_wconf 88' lang='lat' dir='ltr'><strong>homiui</strong></span> <span class='ocrx_word' id='word_1_129' title='bbox 1199 1475 1457 1535; x_wconf 90' lang='lat' dir='ltr'><strong>humana</strong></span> <span class='ocrx_word' id='word_1_130' title='bbox 1486 1474 1780 1535; x_wconf 89' lang='lat' dir='ltr'><strong>meditata.</strong></span> <span class='ocrx_word' id='word_1_131' title='bbox 1852 1474 1928 1534; x_wconf 84' lang='lat' dir='ltr'><strong>Et</strong></span> <span class='ocrx_word' id='word_1_132' title='bbox 1960 1473 2235 1534; x_wconf 87' lang='lat' dir='ltr'><strong>nimirum</strong></span> <span class='ocrx_word' id='word_1_133' title='bbox 2282 1472 2427 1533; x_wconf 90' lang='lat' dir='ltr'><strong>haec</strong></span> <span class='ocrx_word' id='word_1_134' title='bbox 2473 1479 2572 1532; x_wconf 90' lang='lat' dir='ltr'><strong>est</strong></span> <span class='ocrx_word' id='word_1_135' title='bbox 2617 1484 2676 1533; x_wconf 83' lang='lat'><strong>15</strong></span> 
     </span>
     <span class='ocr_line' id='line_1_17' title="bbox 405 1557 2567 1639; baseline -0.003 -18"><span class='ocrx_word' id='word_1_136' title='bbox 405 1558 499 1621; x_wconf 78' lang='lat' dir='ltr'><strong>illa</strong></span> <span class='ocrx_word' id='word_1_137' title='bbox 560 1566 867 1637; x_wconf 88' lang='lat' dir='ltr'><strong>praestans</strong></span> <span class='ocrx_word' id='word_1_138' title='bbox 911 1567 970 1618; x_wconf 91' lang='lat' dir='ltr'><strong>et</strong></span> <span class='ocrx_word' id='word_1_139' title='bbox 1012 1559 1207 1619; x_wconf 91' lang='lat' dir='ltr'><strong>divina</strong></span> <span class='ocrx_word' id='word_1_140' title='bbox 1249 1559 1535 1638; x_wconf 86' lang='lat' dir='ltr'><strong>sapientia</strong></span> <span class='ocrx_word' id='word_1_141' title='bbox 1579 1569 1639 1620; x_wconf 90' lang='lat' dir='ltr'><strong>et</strong></span> <span class='ocrx_word' id='word_1_142' title='bbox 1683 1567 1996 1639; x_wconf 87' lang='lat' dir='ltr'><strong>perceptas</strong></span> <span class='ocrx_word' id='word_1_143' title='bbox 2039 1557 2279 1637; x_wconf 85' lang='lat' dir='ltr'><strong>penitus</strong></span> <span class='ocrx_word' id='word_1_144' title='bbox 2319 1566 2380 1618; x_wconf 92' lang='lat' dir='ltr'><strong>et</strong></span> <span class='ocrx_word' id='word_1_145' title='bbox 2420 1574 2567 1636; x_wconf 87' lang='lat' dir='ltr'><strong>per-</strong></span> 
     </span>
     <span class='ocr_line' id='line_1_18' title="bbox 402 1640 2566 1718; baseline 0 -17"><span class='ocrx_word' id='word_1_146' title='bbox 402 1649 678 1704; x_wconf 86' lang='lat' dir='ltr'><strong>tractatas</strong></span> <span class='ocrx_word' id='word_1_147' title='bbox 707 1661 804 1704; x_wconf 87' lang='lat' dir='ltr'><strong>res</strong></span> <span class='ocrx_word' id='word_1_148' title='bbox 833 1644 1120 1704; x_wconf 88' lang='lat' dir='ltr'><strong>humanas</strong></span> <span class='ocrx_word' id='word_1_149' title='bbox 1147 1643 1387 1718; x_wconf 87' lang='lat' dir='ltr'><strong>hahere,</strong></span> <span class='ocrx_word' id='word_1_150' title='bbox 1432 1644 1580 1706; x_wconf 90' lang='lat' dir='ltr'><strong>nihil</strong></span> <span class='ocrx_word' id='word_1_151' title='bbox 1602 1644 1877 1705; x_wconf 90' lang='lat' dir='ltr'><strong>admirari</strong></span> <span class='ocrx_word' id='word_1_152' title='bbox 1907 1661 2043 1705; x_wconf 86' lang='lat' dir='ltr'><strong>cum</strong></span> <span class='ocrx_word' id='word_1_153' title='bbox 2072 1642 2368 1715; x_wconf 85' lang='lat' dir='ltr'><strong>acciderit,</strong></span> <span class='ocrx_word' id='word_1_154' title='bbox 2416 1640 2566 1702; x_wconf 87' lang='lat' dir='ltr'><strong>nihil</strong></span> 
     </span>
     <span class='ocr_line' id='line_1_19' title="bbox 403 1722 2122 1808; baseline 0.001 -23"><span class='ocrx_word' id='word_1_155' title='bbox 403 1735 559 1800; x_wconf 87' lang='lat' dir='ltr'><strong>ante,</strong></span> <span class='ocrx_word' id='word_1_156' title='bbox 593 1745 766 1804; x_wconf 90' lang='lat' dir='ltr'><strong>quam</strong></span> <span class='ocrx_word' id='word_1_157' title='bbox 801 1728 1082 1800; x_wconf 88' lang='lat' dir='ltr'><strong>evenerit,</strong></span> <span class='ocrx_word' id='word_1_158' title='bbox 1118 1748 1237 1790; x_wconf 91' lang='lat' dir='ltr'><strong>non</strong></span> <span class='ocrx_word' id='word_1_159' title='bbox 1272 1729 1509 1790; x_wconf 89' lang='lat' dir='ltr'><strong>evenire</strong></span> <span class='ocrx_word' id='word_1_160' title='bbox 1540 1748 1714 1808; x_wconf 91' lang='lat' dir='ltr'><strong>posse</strong></span> <span class='ocrx_word' id='word_1_161' title='bbox 1744 1722 2037 1788; x_wconf 84' lang='lat' dir='ltr'><strong>arbitrari.</strong></span> <span class='ocrx_word' id='word_1_162' title='bbox 2118 1734 2122 1738; x_wconf 85' lang='lat'>&#39;</span> 
     </span>
     <span class='ocr_line' id='line_1_20' title="bbox 422 1809 2563 1887; baseline 0 -15"><span class='ocrx_word' id='word_1_163' title='bbox 422 1879 431 1887; x_wconf 27' lang='lat'>⁸</span> <span class='ocrx_word' id='word_1_164' title='bbox 494 1809 683 1882; x_wconf 72' lang='lat' dir='ltr'><strong>Quam</strong></span> <span class='ocrx_word' id='word_1_165' title='bbox 727 1811 795 1874; x_wconf 85' lang='lat' dir='ltr'><strong>ob</strong></span> <span class='ocrx_word' id='word_1_166' title='bbox 839 1831 963 1874; x_wconf 87' lang='lat' dir='ltr'><strong>rem</strong></span> <span class='ocrx_word' id='word_1_167' title='bbox 1009 1818 1197 1875; x_wconf 67' lang='lat' dir='ltr'><strong>omnis</strong></span> <span class='ocrx_word' id='word_1_168' title='bbox 1211 1859 1227 1886; x_wconf 87' lang='lat'><strong>,</strong></span> <span class='ocrx_word' id='word_1_169' title='bbox 1287 1833 1417 1876; x_wconf 81' lang='lat' dir='ltr'><strong>cum</strong></span> <span class='ocrx_word' id='word_1_170' title='bbox 1461 1815 1735 1876; x_wconf 66' lang='lat' dir='ltr'><strong>secandae</strong></span> <span class='ocrx_word' id='word_1_171' title='bbox 1777 1832 1869 1875; x_wconf 83' lang='lat' dir='ltr'><strong>res</strong></span> <span class='ocrx_word' id='word_1_172' title='bbox 1910 1823 2047 1875; x_wconf 79' lang='lat' dir='ltr'><strong>sunt</strong></span> <span class='ocrx_word' id='word_1_173' title='bbox 2086 1815 2389 1883; x_wconf 76' lang='lat' dir='ltr'><strong>mdaeume,</strong></span> <span class='ocrx_word' id='word_1_174' title='bbox 2434 1821 2563 1873; x_wconf 85' lang='lat' dir='ltr'><strong>tum</strong></span> 
     </span>
    </p>
   </div>
   <div class='ocr_carea' id='block_1_3' title="bbox 474 2010 1422 2080">
    <p class='ocr_par' dir='ltr' id='par_1_8' title="bbox 474 2010 1422 2080">
     <span class='ocr_line' id='line_1_21' title="bbox 474 2010 1422 2080; baseline 0.001 -16"><span class='ocrx_word' id='word_1_175' title='bbox 474 2013 521 2064; x_wconf 83' lang='lat'><strong>3.</strong></span> <span class='ocrx_word' id='word_1_176' title='bbox 540 2013 700 2063; x_wconf 74' lang='lat' dir='ltr'><strong>exsili</strong></span> <span class='ocrx_word' id='word_1_177' title='bbox 720 2017 902 2064; x_wconf 73' lang='lat' dir='ltr'><strong>maest.</strong></span> <span class='ocrx_word' id='word_1_178' title='bbox 926 2010 990 2078; x_wconf 78' lang='grc' dir='ltr'><strong>Ῑῖ,</strong></span> <span class='ocrx_word' id='word_1_179' title='bbox 1014 2012 1422 2080; x_wconf 82' lang='lat' dir='ltr'><strong>Umschreibung</strong></span> 
     </span>
    </p>
   </div>
   <div class='ocr_carea' id='block_1_4' title="bbox 405 2080 1495 2148">
    <p class='ocr_par' dir='ltr' id='par_1_9' title="bbox 405 2080 1495 2148">
     <span class='ocr_line' id='line_1_22' title="bbox 405 2080 1495 2148; baseline 0.003 -17"><span class='ocrx_word' id='word_1_180' title='bbox 405 2080 486 2132; x_wconf 78' lang='lat' dir='ltr'><strong>fflr</strong></span> <span class='ocrx_word' id='word_1_181' title='bbox 509 2086 766 2131; x_wconf 75' lang='lat' dir='ltr'><strong>maestum</strong></span> <span class='ocrx_word' id='word_1_182' title='bbox 790 2081 1060 2148; x_wconf 69' lang='lat' dir='ltr'><strong>exsilium,</strong></span> <span class='ocrx_word' id='word_1_183' title='bbox 1095 2082 1195 2134; x_wconf 83' lang='lat' dir='ltr'><strong>wie</strong></span> <span class='ocrx_word' id='word_1_184' title='bbox 1223 2084 1301 2145; x_wconf 84' lang='lat'><strong>19,</strong></span> <span class='ocrx_word' id='word_1_185' title='bbox 1329 2085 1420 2134; x_wconf 89' lang='lat'><strong>44:</strong></span> <span class='ocrx_word' id='word_1_186' title='bbox 1491 2137 1495 2141; x_wconf 68' lang='grc'><strong>,</strong></span> 
     </span>
    </p>
   </div>
   <div class='ocr_carea' id='block_1_5' title="bbox 400 2148 1429 2827">
    <p class='ocr_par' dir='ltr' id='par_1_10' title="bbox 405 2148 1427 2215">
     <span class='ocr_line' id='line_1_23' title="bbox 405 2148 1427 2215; baseline 0.005 -16"><span class='ocrx_word' id='word_1_187' title='bbox 405 2149 619 2199; x_wconf 68' lang='lat' dir='ltr'><strong>auxilio</strong></span> <span class='ocrx_word' id='word_1_188' title='bbox 644 2149 806 2200; x_wconf 72' lang='lat' dir='ltr'><strong>exsili</strong></span> <span class='ocrx_word' id='word_1_189' title='bbox 829 2154 926 2200; x_wconf 83' lang='lat' dir='ltr'><strong>aut</strong></span> <span class='ocrx_word' id='word_1_190' title='bbox 946 2148 1087 2215; x_wconf 77' lang='lat' dir='ltr'><strong>fuga</strong></span> <span class='ocrx_word' id='word_1_191' title='bbox 1113 2149 1195 2202; x_wconf 77' lang='lat' dir='ltr'><strong>sfir</strong></span> <span class='ocrx_word' id='word_1_192' title='bbox 1212 2151 1427 2205; x_wconf 60' lang='lat' dir='ltr'><strong>ear—silio.</strong></span> 
     </span>
    </p>

    <p class='ocr_par' dir='ltr' id='par_1_11' title="bbox 471 2218 1426 2284">
     <span class='ocr_line' id='line_1_24' title="bbox 471 2218 1426 2284; baseline 0.002 -15"><span class='ocrx_word' id='word_1_193' title='bbox 471 2220 522 2270; x_wconf 87' lang='grc'><strong>4.</strong></span> <span class='ocrx_word' id='word_1_194' title='bbox 548 2221 719 2268; x_wconf 80' lang='lat' dir='ltr'><strong>aut—</strong></span> <span class='ocrx_word' id='word_1_195' title='bbox 739 2219 994 2284; x_wconf 83' lang='lat' dir='ltr'><strong>aliquam,</strong></span> <span class='ocrx_word' id='word_1_196' title='bbox 1018 2232 1060 2273; x_wconf 78' lang='lat' dir='ltr'><strong>s,</strong></span> <span class='ocrx_word' id='word_1_197' title='bbox 1088 2234 1153 2269; x_wconf 86' lang='lat' dir='ltr'><strong>zu</strong></span> <span class='ocrx_word' id='word_1_198' title='bbox 1183 2218 1218 2270; x_wconf 92' lang='lat' dir='ltr'><strong>l.</strong></span> <span class='ocrx_word' id='word_1_199' title='bbox 1233 2219 1323 2283; x_wconf 79' lang='lat'><strong>30,</strong></span> <span class='ocrx_word' id='word_1_200' title='bbox 1343 2221 1426 2271; x_wconf 80' lang='lat'><strong>74.</strong></span> 
     </span>
    </p>

    <p class='ocr_par' dir='ltr' id='par_1_12' title="bbox 407 2283 1429 2421">
     <span class='ocr_line' id='line_1_25' title="bbox 472 2283 1429 2352; baseline 0.001 -14"><span class='ocrx_word' id='word_1_201' title='bbox 472 2287 520 2338; x_wconf 89' lang='grc'><strong>6.</strong></span> <span class='ocrx_word' id='word_1_202' title='bbox 555 2283 745 2351; x_wconf 75' lang='lat' dir='ltr'><strong>re&#39;pens</strong></span> <span class='ocrx_word' id='word_1_203' title='bbox 768 2313 838 2324; x_wconf 92' lang='lat'>—</span> <span class='ocrx_word' id='word_1_204' title='bbox 864 2289 1171 2351; x_wconf 79' lang='lat' dir='ltr'><strong>repentina,</strong></span> <span class='ocrx_word' id='word_1_205' title='bbox 1206 2287 1308 2339; x_wconf 84' lang='lat' dir='ltr'><strong>wie</strong></span> <span class='ocrx_word' id='word_1_206' title='bbox 1344 2288 1429 2352; x_wconf 83' lang='lat'><strong>22,</strong></span> 
     </span>
     <span class='ocr_line' id='line_1_26' title="bbox 407 2354 1289 2421; baseline 0.001 -16"><span class='ocrx_word' id='word_1_207' title='bbox 407 2355 494 2406; x_wconf 84' lang='lat'><strong>52:</strong></span> <span class='ocrx_word' id='word_1_208' title='bbox 532 2355 763 2405; x_wconf 75' lang='lat' dir='ltr'><strong>hostium</strong></span> <span class='ocrx_word' id='word_1_209' title='bbox 795 2370 985 2421; x_wconf 75' lang='lat' dir='ltr'><strong>repens</strong></span> <span class='ocrx_word' id='word_1_210' title='bbox 1016 2354 1289 2406; x_wconf 71' lang='lat' dir='ltr'><strong>adventus.</strong></span> 
     </span>
    </p>

    <p class='ocr_par' dir='ltr' id='par_1_13' title="bbox 403 2421 1429 2692">
     <span class='ocr_line' id='line_1_27' title="bbox 474 2421 1429 2487; baseline -0.001 -15"><span class='ocrx_word' id='word_1_211' title='bbox 474 2423 523 2472; x_wconf 81' lang='lat'><strong>7.</strong></span> <span class='ocrx_word' id='word_1_212' title='bbox 560 2421 739 2486; x_wconf 82' lang='lat' dir='ltr'><strong>docto,</strong></span> <span class='ocrx_word' id='word_1_213' title='bbox 775 2422 844 2474; x_wconf 85' lang='lat' dir='ltr'><strong>ist</strong></span> <span class='ocrx_word' id='word_1_214' title='bbox 880 2421 1021 2474; x_wconf 86' lang='lat' dir='ltr'><strong>nicht</strong></span> <span class='ocrx_word' id='word_1_215' title='bbox 1067 2421 1261 2487; x_wconf 88' lang='lat' dir='ltr'><strong>Subst.‚</strong></span> <span class='ocrx_word' id='word_1_216' title='bbox 1308 2436 1429 2473; x_wconf 83' lang='lat' dir='ltr'><strong>son-</strong></span> 
     </span>
     <span class='ocr_line' id='line_1_28' title="bbox 404 2486 1429 2558; baseline 0.001 -19"><span class='ocrx_word' id='word_1_217' title='bbox 404 2486 526 2540; x_wconf 88' lang='lat' dir='ltr'><strong>dern</strong></span> <span class='ocrx_word' id='word_1_218' title='bbox 551 2489 685 2555; x_wconf 66' lang='lat' dir='ltr'><strong>Adj„</strong></span> <span class='ocrx_word' id='word_1_219' title='bbox 711 2489 935 2542; x_wconf 84' lang='lat' dir='ltr'><strong>welches</strong></span> <span class='ocrx_word' id='word_1_220' title='bbox 953 2505 1048 2542; x_wconf 82' lang='lat' dir='ltr'><strong>aus</strong></span> <span class='ocrx_word' id='word_1_221' title='bbox 1069 2490 1102 2558; x_wconf 63' lang='grc' dir='ltr'><strong>ξ</strong></span> <span class='ocrx_word' id='word_1_222' title='bbox 1122 2493 1187 2543; x_wconf 86' lang='grc'><strong>29</strong></span> <span class='ocrx_word' id='word_1_223' title='bbox 1216 2489 1429 2542; x_wconf 85' lang='lat' dir='ltr'><strong>wieder·</strong></span> 
     </span>
     <span class='ocr_line' id='line_1_29' title="bbox 403 2556 1427 2625; baseline -0.002 -14"><span class='ocrx_word' id='word_1_224' title='bbox 403 2556 516 2611; x_wconf 88' lang='lat' dir='ltr'><strong>holt</strong></span> <span class='ocrx_word' id='word_1_225' title='bbox 553 2558 759 2610; x_wconf 79' lang='lat' dir='ltr'><strong>worden</strong></span> <span class='ocrx_word' id='word_1_226' title='bbox 797 2559 891 2622; x_wconf 81' lang='lat' dir='ltr'><strong>ist,</strong></span> <span class='ocrx_word' id='word_1_227' title='bbox 938 2574 1024 2610; x_wconf 88' lang='lat' dir='ltr'><strong>um</strong></span> <span class='ocrx_word' id='word_1_228' title='bbox 1069 2558 1151 2610; x_wconf 86' lang='lat' dir='ltr'><strong>die</strong></span> <span class='ocrx_word' id='word_1_229' title='bbox 1187 2556 1427 2625; x_wconf 78' lang='lat' dir='ltr'><strong>folgende</strong></span> 
     </span>
     <span class='ocr_line' id='line_1_30' title="bbox 404 2623 1087 2692; baseline 0.004 -14"><span class='ocrx_word' id='word_1_230' title='bbox 404 2623 730 2692; x_wconf 84' lang='lat' dir='ltr'><strong>Bemerkung</strong></span> <span class='ocrx_word' id='word_1_231' title='bbox 765 2625 1087 2681; x_wconf 83' lang='lat' dir='ltr'><strong>einzuleiten.</strong></span> 
     </span>
    </p>

    <p class='ocr_par' dir='ltr' id='par_1_14' title="bbox 400 2693 1429 2827">
     <span class='ocr_line' id='line_1_31' title="bbox 474 2693 1427 2760; baseline -0.001 -14"><span class='ocrx_word' id='word_1_232' title='bbox 474 2695 522 2746; x_wconf 87' lang='lat'><strong>8.</strong></span> <span class='ocrx_word' id='word_1_233' title='bbox 559 2694 930 2758; x_wconf 77' lang='lat' dir='ltr'><strong>Anaxagorae</strong></span> <span class='ocrx_word' id='word_1_234' title='bbox 950 2698 1010 2760; x_wconf 45' lang='lat' dir='ltr'><strong>(su.</strong></span> <span class='ocrx_word' id='word_1_235' title='bbox 1039 2709 1102 2744; x_wconf 90' lang='lat' dir='ltr'><strong>zu</strong></span> <span class='ocrx_word' id='word_1_236' title='bbox 1125 2693 1163 2745; x_wconf 86' lang='lat'><strong>1.</strong></span> <span class='ocrx_word' id='word_1_237' title='bbox 1181 2697 1265 2759; x_wconf 88' lang='lat'><strong>43,</strong></span> <span class='ocrx_word' id='word_1_238' title='bbox 1292 2696 1427 2759; x_wconf 92' lang='grc'><strong>104).</strong></span> 
     </span>
     <span class='ocr_line' id='line_1_32' title="bbox 400 2758 1429 2827; baseline 0.001 -16"><span class='ocrx_word' id='word_1_239' title='bbox 400 2758 496 2812; x_wconf 74' lang='lat' dir='ltr'><strong>Die</strong></span> <span class='ocrx_word' id='word_1_240' title='bbox 532 2761 642 2811; x_wconf 86' lang='lat' dir='ltr'><strong>hier</strong></span> <span class='ocrx_word' id='word_1_241' title='bbox 677 2762 938 2813; x_wconf 69' lang='lat' dir='ltr'><strong>erwfihnte</strong></span> <span class='ocrx_word' id='word_1_242' title='bbox 972 2761 1264 2827; x_wconf 78' lang='lat' dir='ltr'><strong>Ausserung</strong></span> <span class='ocrx_word' id='word_1_243' title='bbox 1297 2760 1429 2812; x_wconf 82' lang='lat' dir='ltr'><strong>wird</strong></span> 
     </span>
    </p>
   </div>
   <div class='ocr_carea' id='block_1_6' title="bbox 394 2827 1432 2949">
    <p class='ocr_par' dir='ltr' id='par_1_15' title="bbox 394 2827 1432 2949">
     <span class='ocr_line' id='line_1_33' title="bbox 396 2827 1431 2894; baseline 0.002 -17"><span class='ocrx_word' id='word_1_244' title='bbox 396 2828 508 2879; x_wconf 75' lang='lat' dir='ltr'><strong>&gt;ihm</strong></span> <span class='ocrx_word' id='word_1_245' title='bbox 531 2829 659 2879; x_wconf 90' lang='lat' dir='ltr'><strong>auch</strong></span> <span class='ocrx_word' id='word_1_246' title='bbox 681 2843 781 2879; x_wconf 88' lang='lat' dir='ltr'><strong>von</strong></span> <span class='ocrx_word' id='word_1_247' title='bbox 802 2828 992 2880; x_wconf 87' lang='lat' dir='ltr'><strong>andern</strong></span> <span class='ocrx_word' id='word_1_248' title='bbox 1013 2827 1431 2894; x_wconf 80' lang='lat' dir='ltr'><strong>Schriltstellern‚</strong></span> 
     </span>
     <span class='ocr_line' id='line_1_34' title="bbox 394 2893 1432 2949; baseline 0.005 -7"><span class='ocrx_word' id='word_1_249' title='bbox 394 2910 451 2947; x_wconf 82' lang='lat' dir='ltr'><strong>.z.</strong></span> <span class='ocrx_word' id='word_1_250' title='bbox 470 2893 529 2946; x_wconf 92' lang='lat' dir='ltr'><strong>B.</strong></span> <span class='ocrx_word' id='word_1_251' title='bbox 554 2894 752 2947; x_wconf 86' lang='lat' dir='ltr'><strong>Aelian.</strong></span> <span class='ocrx_word' id='word_1_252' title='bbox 774 2894 835 2949; x_wconf 90' lang='lat' dir='ltr'><strong>V.</strong></span> <span class='ocrx_word' id='word_1_253' title='bbox 856 2895 913 2947; x_wconf 79' lang='lat' dir='ltr'><strong>fl.</strong></span> <span class='ocrx_word' id='word_1_254' title='bbox 931 2895 1007 2947; x_wconf 89' lang='lat' dir='ltr'><strong>lll.</strong></span> <span class='ocrx_word' id='word_1_255' title='bbox 1033 2898 1064 2948; x_wconf 93' lang='lat'><strong>2</strong></span> <span class='ocrx_word' id='word_1_256' title='bbox 1091 2912 1137 2947; x_wconf 92' lang='lat' dir='ltr'><strong>u.</strong></span> <span class='ocrx_word' id='word_1_257' title='bbox 1159 2894 1270 2947; x_wconf 77' lang='lat' dir='ltr'><strong>Vel.</strong></span> <span class='ocrx_word' id='word_1_258' title='bbox 1298 2894 1432 2947; x_wconf 85' lang='lat' dir='ltr'><strong>Max.</strong></span> 
     </span>
    </p>
   </div>
   <div class='ocr_carea' id='block_1_7' title="bbox 406 2961 1433 3029">
    <p class='ocr_par' dir='ltr' id='par_1_16' title="bbox 406 2961 1433 3029">
     <span class='ocr_line' id='line_1_35' title="bbox 406 2961 1433 3029; baseline 0.004 -19"><span class='ocrx_word' id='word_1_259' title='bbox 406 2961 468 3014; x_wconf 85' lang='lat' dir='ltr'><strong>V.</strong></span> <span class='ocrx_word' id='word_1_260' title='bbox 497 2965 577 3026; x_wconf 90' lang='lat'><strong>10,</strong></span> <span class='ocrx_word' id='word_1_261' title='bbox 615 2968 715 3015; x_wconf 83' lang='lat' dir='ltr'><strong>ext.</strong></span> <span class='ocrx_word' id='word_1_262' title='bbox 753 2966 801 3027; x_wconf 84' lang='lat'><strong>3,</strong></span> <span class='ocrx_word' id='word_1_263' title='bbox 838 2962 1238 3029; x_wconf 81' lang='lat' dir='ltr'><strong>zugeschriehen</strong></span> <span class='ocrx_word' id='word_1_264' title='bbox 1274 2962 1433 3028; x_wconf 81' lang='lat' dir='ltr'><strong>(fibri-</strong></span> 
     </span>
    </p>
   </div>
   <div class='ocr_carea' id='block_1_8' title="bbox 395 3029 1432 3844">
    <p class='ocr_par' dir='ltr' id='par_1_17' title="bbox 395 3029 1431 3238">
     <span class='ocr_line' id='line_1_36' title="bbox 395 3029 1431 3098; baseline 0.001 -17"><span class='ocrx_word' id='word_1_265' title='bbox 395 3044 534 3096; x_wconf 69' lang='lat' dir='ltr'><strong>gens</strong></span> <span class='ocrx_word' id='word_1_266' title='bbox 569 3031 698 3082; x_wconf 86' lang='lat' dir='ltr'><strong>auch</strong></span> <span class='ocrx_word' id='word_1_267' title='bbox 735 3030 926 3083; x_wconf 87' lang='lat' dir='ltr'><strong>andern</strong></span> <span class='ocrx_word' id='word_1_268' title='bbox 965 3031 1238 3098; x_wconf 83' lang='lat' dir='ltr'><strong>beigelegt‚</strong></span> <span class='ocrx_word' id='word_1_269' title='bbox 1289 3047 1335 3083; x_wconf 88' lang='lat' dir='ltr'><strong>z.</strong></span> <span class='ocrx_word' id='word_1_270' title='bbox 1370 3029 1431 3082; x_wconf 90' lang='lat' dir='ltr'><strong>B.</strong></span> 
     </span>
     <span class='ocr_line' id='line_1_37' title="bbox 403 3095 1427 3166; baseline 0.001 -17"><span class='ocrx_word' id='word_1_271' title='bbox 403 3112 507 3165; x_wconf 71' lang='lat' dir='ltr'><strong>von</strong></span> <span class='ocrx_word' id='word_1_272' title='bbox 533 3095 679 3164; x_wconf 85' lang='lat' dir='ltr'><strong>Diog.</strong></span> <span class='ocrx_word' id='word_1_273' title='bbox 708 3096 761 3150; x_wconf 91' lang='lat' dir='ltr'><strong>L.</strong></span> <span class='ocrx_word' id='word_1_274' title='bbox 786 3098 844 3152; x_wconf 89' lang='lat' dir='ltr'><strong>ll.</strong></span> <span class='ocrx_word' id='word_1_275' title='bbox 871 3101 935 3151; x_wconf 86' lang='lat'><strong>55</strong></span> <span class='ocrx_word' id='word_1_276' title='bbox 973 3099 1088 3152; x_wconf 89' lang='lat' dir='ltr'><strong>dem</strong></span> <span class='ocrx_word' id='word_1_277' title='bbox 1111 3097 1427 3166; x_wconf 83' lang='lat' dir='ltr'><strong>Xenophon:</strong></span> 
     </span>
     <span class='ocr_line' id='line_1_38' title="bbox 395 3160 1210 3238; baseline 0.004 -22"><span class='ocrx_word' id='word_1_278' title='bbox 395 3160 560 3236; x_wconf 72' lang='grc' dir='ltr'><strong><em>ᾔδειν</em></strong></span> <span class='ocrx_word' id='word_1_279' title='bbox 595 3163 812 3231; x_wconf 71' lang='grc' dir='ltr'>θνητὸν</span> <span class='ocrx_word' id='word_1_280' title='bbox 842 3164 1210 3238; x_wconf 74' lang='grc' dir='ltr'><strong>γεγεννηκώς).</strong></span> 
     </span>
    </p>

    <p class='ocr_par' dir='ltr' id='par_1_18' title="bbox 465 3227 1431 3288">
     <span class='ocr_line' id='line_1_39' title="bbox 465 3227 1431 3288; baseline 0.003 -3"><span class='ocrx_word' id='word_1_281' title='bbox 465 3236 544 3286; x_wconf 89' lang='grc'><strong>10.</strong></span> <span class='ocrx_word' id='word_1_282' title='bbox 561 3237 632 3284; x_wconf 80' lang='lat' dir='ltr'><strong>iis</strong></span> <span class='ocrx_word' id='word_1_283' title='bbox 648 3234 1075 3288; x_wconf 77' lang='lat' dir='ltr'><strong>einschrimkend:</strong></span> <span class='ocrx_word' id='word_1_284' title='bbox 1092 3227 1213 3287; x_wconf 89' lang='lat' dir='ltr'><strong>‘nur</strong></span> <span class='ocrx_word' id='word_1_285' title='bbox 1230 3230 1431 3288; x_wconf 82' lang='lat' dir='ltr'><strong>denen&#39;.</strong></span> 
     </span>
    </p>

    <p class='ocr_par' dir='ltr' id='par_1_19' title="bbox 398 3295 1430 3558">
     <span class='ocr_line' id='line_1_40' title="bbox 474 3295 1429 3370; baseline 0.002 -17"><span class='ocrx_word' id='word_1_286' title='bbox 474 3305 740 3368; x_wconf 80' lang='lat' dir='ltr'><strong>cogitata:</strong></span> <span class='ocrx_word' id='word_1_287' title='bbox 763 3295 1212 3370; x_wconf 81' lang='lat' dir='ltr'><strong>‘wohlerwogen’,</strong></span> <span class='ocrx_word' id='word_1_288' title='bbox 1238 3304 1339 3355; x_wconf 85' lang='lat' dir='ltr'><strong>wie</strong></span> <span class='ocrx_word' id='word_1_289' title='bbox 1364 3302 1429 3355; x_wconf 86' lang='lat' dir='ltr'><strong>de</strong></span> 
     </span>
     <span class='ocr_line' id='line_1_41' title="bbox 405 3371 1430 3434; baseline 0.001 -14"><span class='ocrx_word' id='word_1_290' title='bbox 405 3383 513 3424; x_wconf 85' lang='lat' dir='ltr'><strong>sen.</strong></span> <span class='ocrx_word' id='word_1_291' title='bbox 543 3374 623 3434; x_wconf 90' lang='grc'><strong>11,</strong></span> <span class='ocrx_word' id='word_1_292' title='bbox 649 3372 739 3424; x_wconf 84' lang='lat'><strong>38:</strong></span> <span class='ocrx_word' id='word_1_293' title='bbox 778 3388 866 3422; x_wconf 76' lang='lat' dir='ltr'><strong>res</strong></span> <span class='ocrx_word' id='word_1_294' title='bbox 888 3372 1116 3423; x_wconf 80' lang='lat' dir='ltr'><strong>mullum</strong></span> <span class='ocrx_word' id='word_1_295' title='bbox 1138 3375 1191 3420; x_wconf 85' lang='lat' dir='ltr'><strong>et</strong></span> <span class='ocrx_word' id='word_1_296' title='bbox 1224 3371 1319 3422; x_wconf 78' lang='lat' dir='ltr'><strong>diu</strong></span> <span class='ocrx_word' id='word_1_297' title='bbox 1344 3387 1430 3421; x_wconf 86' lang='lat' dir='ltr'><strong>co-</strong></span> 
     </span>
     <span class='ocr_line' id='line_1_42' title="bbox 398 3436 1430 3505; baseline 0.001 -17"><span class='ocrx_word' id='word_1_298' title='bbox 398 3440 622 3503; x_wconf 75' lang='lat' dir='ltr'><strong>gitatae.</strong></span> <span class='ocrx_word' id='word_1_299' title='bbox 675 3436 794 3505; x_wconf 85' lang='lat' dir='ltr'><strong>Vgl.</strong></span> <span class='ocrx_word' id='word_1_300' title='bbox 821 3439 950 3491; x_wconf 89' lang='lat' dir='ltr'><strong>auch</strong></span> <span class='ocrx_word' id='word_1_301' title='bbox 976 3455 1040 3491; x_wconf 90' lang='lat' dir='ltr'><strong>zu</strong></span> <span class='ocrx_word' id='word_1_302' title='bbox 1062 3438 1117 3490; x_wconf 85' lang='grc' dir='ltr'><strong>ΙΙ.</strong></span> <span class='ocrx_word' id='word_1_303' title='bbox 1146 3441 1190 3503; x_wconf 92' lang='grc'><strong>1,</strong></span> <span class='ocrx_word' id='word_1_304' title='bbox 1209 3440 1267 3491; x_wconf 88' lang='lat'><strong>2:</strong></span> <span class='ocrx_word' id='word_1_305' title='bbox 1293 3440 1430 3490; x_wconf 77' lang='lat' dir='ltr'><strong>mihi</strong></span> 
     </span>
     <span class='ocr_line' id='line_1_43' title="bbox 405 3507 715 3558; baseline 0.01 -3"><span class='ocrx_word' id='word_1_306' title='bbox 405 3507 588 3556; x_wconf 75' lang='lat' dir='ltr'><strong>habita</strong></span> <span class='ocrx_word' id='word_1_307' title='bbox 623 3512 715 3558; x_wconf 76' lang='lat' dir='ltr'><strong>est.</strong></span> 
     </span>
    </p>

    <p class='ocr_par' dir='ltr' id='par_1_20' title="bbox 405 3572 1432 3844">
     <span class='ocr_line' id='line_1_44' title="bbox 464 3572 1432 3640; baseline 0 -16"><span class='ocrx_word' id='word_1_308' title='bbox 464 3575 544 3625; x_wconf 86' lang='lat'><strong>13.</strong></span> <span class='ocrx_word' id='word_1_309' title='bbox 568 3575 794 3625; x_wconf 77' lang='lat' dir='ltr'><strong>multum</strong></span> <span class='ocrx_word' id='word_1_310' title='bbox 811 3578 1002 3640; x_wconf 75' lang='lat' dir='ltr'><strong>potest.</strong></span> <span class='ocrx_word' id='word_1_311' title='bbox 1049 3573 1119 3626; x_wconf 91' lang='lat' dir='ltr'><strong>So</strong></span> <span class='ocrx_word' id='word_1_312' title='bbox 1134 3572 1261 3626; x_wconf 86' lang='lat' dir='ltr'><strong>wird</strong></span> <span class='ocrx_word' id='word_1_313' title='bbox 1272 3589 1432 3639; x_wconf 75' lang='lat' dir='ltr'><strong>posse</strong></span> 
     </span>
     <span class='ocr_line' id='line_1_45' title="bbox 405 3639 1429 3707; baseline 0 -13"><span class='ocrx_word' id='word_1_314' title='bbox 405 3640 547 3694; x_wconf 85' lang='lat' dir='ltr'><strong>nicht</strong></span> <span class='ocrx_word' id='word_1_315' title='bbox 570 3640 732 3692; x_wconf 85' lang='lat' dir='ltr'><strong>selten</strong></span> <span class='ocrx_word' id='word_1_316' title='bbox 767 3641 818 3691; x_wconf 90' lang='lat' dir='ltr'><strong>in</strong></span> <span class='ocrx_word' id='word_1_317' title='bbox 840 3639 1173 3707; x_wconf 81' lang='lat' dir='ltr'><strong>Verbindung</strong></span> <span class='ocrx_word' id='word_1_318' title='bbox 1196 3642 1290 3692; x_wconf 83' lang='lat' dir='ltr'><strong>mit</strong></span> <span class='ocrx_word' id='word_1_319' title='bbox 1312 3640 1429 3694; x_wconf 87' lang='lat' dir='ltr'><strong>dem</strong></span> 
     </span>
     <span class='ocr_line' id='line_1_46' title="bbox 405 3706 1431 3771; baseline 0.002 -11"><span class='ocrx_word' id='word_1_320' title='bbox 405 3706 581 3765; x_wconf 85' lang='lat' dir='ltr'><strong>Neutr.</strong></span> <span class='ocrx_word' id='word_1_321' title='bbox 625 3709 765 3760; x_wconf 86' lang='lat' dir='ltr'><strong>eines</strong></span> <span class='ocrx_word' id='word_1_322' title='bbox 799 3706 952 3762; x_wconf 83' lang='lat' dir='ltr'><strong>Pron.</strong></span> <span class='ocrx_word' id='word_1_323' title='bbox 996 3709 1079 3762; x_wconf 91' lang='lat' dir='ltr'><strong>od.</strong></span> <span class='ocrx_word' id='word_1_324' title='bbox 1116 3709 1431 3771; x_wconf 70' lang='lat' dir='ltr'><strong>Quantitats-</strong></span> 
     </span>
     <span class='ocr_line' id='line_1_47' title="bbox 406 3776 1429 3844; baseline 0.004 -18"><span class='ocrx_word' id='word_1_325' title='bbox 406 3776 509 3841; x_wconf 75' lang='lat' dir='ltr'><strong>adj.</strong></span> <span class='ocrx_word' id='word_1_326' title='bbox 537 3801 606 3821; x_wconf 88' lang='lat'><strong>==</strong></span> <span class='ocrx_word' id='word_1_327' title='bbox 634 3777 810 3827; x_wconf 83' lang='lat' dir='ltr'><strong>valere</strong></span> <span class='ocrx_word' id='word_1_328' title='bbox 854 3778 1150 3842; x_wconf 83' lang='lat' dir='ltr'><strong>gebraucht.</strong></span> <span class='ocrx_word' id='word_1_329' title='bbox 1211 3776 1325 3844; x_wconf 87' lang='lat' dir='ltr'><strong>Vgl.</strong></span> <span class='ocrx_word' id='word_1_330' title='bbox 1364 3777 1429 3830; x_wconf 88' lang='lat' dir='ltr'><strong>de</strong></span> 
     </span>
    </p>
   </div>
   <div class='ocr_carea' id='block_1_9' title="bbox 1976 1902 2673 1962">
    <p class='ocr_par' dir='ltr' id='par_1_21' title="bbox 1976 1902 2673 1962">
     <span class='ocr_line' id='line_1_48' title="bbox 1976 1902 2673 1962; baseline 0.006 -4"><span class='ocrx_word' id='word_1_331' title='bbox 1976 1902 2253 1958; x_wconf 76' lang='lat' dir='ltr'><strong>maxume</strong></span> <span class='ocrx_word' id='word_1_332' title='bbox 2484 1925 2490 1931; x_wconf 91' lang='lat'>·</span> <span class='ocrx_word' id='word_1_333' title='bbox 2613 1911 2673 1962; x_wconf 78' lang='lat'><strong>20</strong></span> 
     </span>
    </p>
   </div>
   <div class='ocr_carea' id='block_1_10' title="bbox 1528 2012 2567 3843">
    <p class='ocr_par' dir='ltr' id='par_1_22' title="bbox 1528 2012 2318 2079">
     <span class='ocr_line' id='line_1_49' title="bbox 1528 2012 2318 2079; baseline -0.003 -14"><span class='ocrx_word' id='word_1_334' title='bbox 1528 2030 1600 2066; x_wconf 89' lang='lat' dir='ltr'><strong>or.</strong></span> <span class='ocrx_word' id='word_1_335' title='bbox 1637 2012 1672 2066; x_wconf 93' lang='lat'><strong>1.</strong></span> <span class='ocrx_word' id='word_1_336' title='bbox 1716 2017 1794 2078; x_wconf 91' lang='grc'><strong>10,</strong></span> <span class='ocrx_word' id='word_1_337' title='bbox 1823 2015 1924 2073; x_wconf 69' lang='grc' dir='ltr'><strong>’44ς</strong></span> <span class='ocrx_word' id='word_1_338' title='bbox 1963 2016 2047 2079; x_wconf 89' lang='grc'><strong>20,</strong></span> <span class='ocrx_word' id='word_1_339' title='bbox 2083 2016 2148 2067; x_wconf 89' lang='grc'><strong>89</strong></span> <span class='ocrx_word' id='word_1_340' title='bbox 2185 2031 2234 2066; x_wconf 92' lang='lat' dir='ltr'><strong>u.</strong></span> <span class='ocrx_word' id='word_1_341' title='bbox 2271 2028 2318 2064; x_wconf 80' lang='lat' dir='ltr'><strong>a.</strong></span> 
     </span>
    </p>

    <p class='ocr_par' dir='ltr' id='par_1_23' title="bbox 1529 2081 2563 2543">
     <span class='ocr_line' id='line_1_50' title="bbox 1599 2081 2559 2147; baseline -0.001 -12"><span class='ocrx_word' id='word_1_342' title='bbox 1599 2085 1679 2135; x_wconf 82' lang='lat'><strong>15.</strong></span> <span class='ocrx_word' id='word_1_343' title='bbox 1701 2082 1976 2146; x_wconf 79' lang='lat' dir='ltr'><strong>meditata,</strong></span> <span class='ocrx_word' id='word_1_344' title='bbox 2011 2081 2317 2147; x_wconf 84' lang='lat' dir='ltr'><strong>passivisch‚</strong></span> <span class='ocrx_word' id='word_1_345' title='bbox 2342 2082 2445 2134; x_wconf 83' lang='lat' dir='ltr'><strong>wie</strong></span> <span class='ocrx_word' id='word_1_346' title='bbox 2474 2084 2559 2147; x_wconf 91' lang='lat'><strong>11,</strong></span> 
     </span>
     <span class='ocr_line' id='line_1_51' title="bbox 1530 2148 2559 2217; baseline -0.002 -15"><span class='ocrx_word' id='word_1_347' title='bbox 1530 2152 1597 2203; x_wconf 88' lang='lat'><strong>24</strong></span> <span class='ocrx_word' id='word_1_348' title='bbox 1625 2152 1851 2217; x_wconf 81' lang='lat' dir='ltr'><strong>opinati,</strong></span> <span class='ocrx_word' id='word_1_349' title='bbox 1875 2151 1944 2201; x_wconf 83' lang='lat' dir='ltr'><strong>ist</strong></span> <span class='ocrx_word' id='word_1_350' title='bbox 1977 2150 2060 2201; x_wconf 89' lang='lat' dir='ltr'><strong>hei</strong></span> <span class='ocrx_word' id='word_1_351' title='bbox 2092 2149 2194 2202; x_wconf 85' lang='lat' dir='ltr'><strong>Cic.</strong></span> <span class='ocrx_word' id='word_1_352' title='bbox 2221 2149 2341 2201; x_wconf 89' lang='lat' dir='ltr'><strong>sehr</strong></span> <span class='ocrx_word' id='word_1_353' title='bbox 2364 2148 2559 2215; x_wconf 70' lang='lat' dir='ltr'><strong>hiufig,</strong></span> 
     </span>
     <span class='ocr_line' id='line_1_52' title="bbox 1529 2215 2561 2282; baseline -0.003 -12"><span class='ocrx_word' id='word_1_354' title='bbox 1529 2233 1574 2270; x_wconf 84' lang='lat' dir='ltr'><strong>z.</strong></span> <span class='ocrx_word' id='word_1_355' title='bbox 1605 2216 1664 2268; x_wconf 92' lang='lat' dir='ltr'><strong>B.</strong></span> <span class='ocrx_word' id='word_1_356' title='bbox 1701 2218 1809 2269; x_wconf 85' lang='lat' dir='ltr'><strong>Cat.</strong></span> <span class='ocrx_word' id='word_1_357' title='bbox 1844 2215 1912 2269; x_wconf 84' lang='lat' dir='ltr'><strong>M.</strong></span> <span class='ocrx_word' id='word_1_358' title='bbox 1951 2219 2034 2282; x_wconf 90' lang='grc'><strong>20,</strong></span> <span class='ocrx_word' id='word_1_359' title='bbox 2072 2221 2165 2270; x_wconf 82' lang='grc' dir='ltr'><strong>Ί4;</strong></span> <span class='ocrx_word' id='word_1_360' title='bbox 2201 2218 2301 2268; x_wconf 80' lang='grc' dir='ltr'><em>Ιιοο</em></span> <span class='ocrx_word' id='word_1_361' title='bbox 2335 2217 2561 2268; x_wconf 82' lang='lat' dir='ltr'><strong>medita-</strong></span> 
     </span>
     <span class='ocr_line' id='line_1_53' title="bbox 1532 2285 2561 2338; baseline 0.002 -2"><span class='ocrx_word' id='word_1_362' title='bbox 1532 2290 1646 2336; x_wconf 77' lang='lat' dir='ltr'><strong>tum</strong></span> <span class='ocrx_word' id='word_1_363' title='bbox 1669 2287 1734 2336; x_wconf 82' lang='lat' dir='ltr'><strong>ab</strong></span> <span class='ocrx_word' id='word_1_364' title='bbox 1756 2285 2116 2337; x_wconf 69' lang='lat' dir='ltr'><strong>adulescentia</strong></span> <span class='ocrx_word' id='word_1_365' title='bbox 2140 2285 2293 2336; x_wconf 79' lang='lat' dir='ltr'><strong>debet</strong></span> <span class='ocrx_word' id='word_1_366' title='bbox 2314 2300 2437 2338; x_wconf 71' lang='lat' dir='ltr'><strong>esee.</strong></span> <span class='ocrx_word' id='word_1_367' title='bbox 2487 2285 2561 2338; x_wconf 92' lang='lat' dir='ltr'><strong>So</strong></span> 
     </span>
     <span class='ocr_line' id='line_1_54' title="bbox 1533 2353 2563 2420; baseline -0.001 -16"><span class='ocrx_word' id='word_1_368' title='bbox 1533 2354 1664 2405; x_wconf 87' lang='lat' dir='ltr'><strong>auch</strong></span> <span class='ocrx_word' id='word_1_369' title='bbox 1692 2355 1772 2416; x_wconf 88' lang='lat'><strong>15,</strong></span> <span class='ocrx_word' id='word_1_370' title='bbox 1800 2355 1890 2407; x_wconf 82' lang='lat'><strong>32:</strong></span> <span class='ocrx_word' id='word_1_371' title='bbox 1920 2353 2330 2420; x_wconf 81' lang='lat' dir='ltr'><strong>praemeditata.</strong></span> <span class='ocrx_word' id='word_1_372' title='bbox 2390 2353 2464 2405; x_wconf 90' lang='lat' dir='ltr'><strong>Zu</strong></span> <span class='ocrx_word' id='word_1_373' title='bbox 2486 2354 2563 2405; x_wconf 78' lang='lat' dir='ltr'><strong>Et</strong></span> 
     </span>
     <span class='ocr_line' id='line_1_55' title="bbox 1531 2420 2561 2543; baseline 0.003 -72"><span class='ocrx_word' id='word_1_374' title='bbox 1531 2420 2051 2543; x_wconf 44' lang='lat' dir='ltr'><strong>gilmilvlmgssoeggade’</strong></span> <span class='ocrx_word' id='word_1_375' title='bbox 2086 2420 2238 2487; x_wconf 87' lang='lat' dir='ltr'><strong>eben)</strong></span> <span class='ocrx_word' id='word_1_376' title='bbox 2271 2421 2377 2488; x_wconf 82' lang='lat' dir='ltr'><strong>vgl.</strong></span> <span class='ocrx_word' id='word_1_377' title='bbox 2411 2421 2447 2474; x_wconf 86' lang='grc' dir='ltr'><strong>Ι.</strong></span> <span class='ocrx_word' id='word_1_378' title='bbox 2475 2422 2561 2487; x_wconf 87' lang='grc'><strong>22,</strong></span> 
     </span>
    </p>

    <p class='ocr_par' dir='ltr' id='par_1_24' title="bbox 1530 2527 2563 2962">
     <span class='ocr_line' id='line_1_56' title="bbox 1605 2527 2561 2623; baseline -0.002 -14"><span class='ocrx_word' id='word_1_379' title='bbox 1605 2528 1682 2610; x_wconf 76' lang='grc'><strong>16.</strong></span> <span class='ocrx_word' id='word_1_380' title='bbox 1705 2527 1983 2623; x_wconf 47' lang='lat' dir='ltr'><strong>percepta}</strong></span> <span class='ocrx_word' id='word_1_381' title='bbox 2001 2560 2218 2623; x_wconf 71' lang='lat' dir='ltr'><strong>penitus</strong></span> <span class='ocrx_word' id='word_1_382' title='bbox 2242 2561 2293 2607; x_wconf 81' lang='lat' dir='ltr'><strong>et</strong></span> <span class='ocrx_word' id='word_1_383' title='bbox 2314 2561 2561 2623; x_wconf 74' lang='lat' dir='ltr'><strong>pertrac-</strong></span> 
     </span>
     <span class='ocr_line' id='line_1_57' title="bbox 1534 2624 2561 2692; baseline -0.001 -16"><span class='ocrx_word' id='word_1_384' title='bbox 1534 2630 1689 2676; x_wconf 76' lang='lat' dir='ltr'><strong>tatas.</strong></span> <span class='ocrx_word' id='word_1_385' title='bbox 1756 2624 2049 2692; x_wconf 87' lang='lat' dir='ltr'><strong>Composita</strong></span> <span class='ocrx_word' id='word_1_386' title='bbox 2092 2625 2186 2676; x_wconf 85' lang='lat' dir='ltr'><strong>mit</strong></span> <span class='ocrx_word' id='word_1_387' title='bbox 2212 2641 2315 2691; x_wconf 77' lang='lat' dir='ltr'><strong>per·</strong></span> <span class='ocrx_word' id='word_1_388' title='bbox 2349 2624 2561 2676; x_wconf 77' lang='lat' dir='ltr'><strong>werden</strong></span> 
     </span>
     <span class='ocr_line' id='line_1_58' title="bbox 1531 2691 2561 2758; baseline 0 -15"><span class='ocrx_word' id='word_1_389' title='bbox 1531 2709 1633 2745; x_wconf 86' lang='lat' dir='ltr'><strong>von</strong></span> <span class='ocrx_word' id='word_1_390' title='bbox 1666 2692 1841 2744; x_wconf 88' lang='lat' dir='ltr'><strong>Cicero</strong></span> <span class='ocrx_word' id='word_1_391' title='bbox 1871 2693 1947 2745; x_wconf 84' lang='lat' dir='ltr'><strong>ol&#39;t</strong></span> <span class='ocrx_word' id='word_1_392' title='bbox 1981 2691 2143 2745; x_wconf 86' lang='lat' dir='ltr'><strong>durch</strong></span> <span class='ocrx_word' id='word_1_393' title='bbox 2170 2695 2388 2758; x_wconf 73' lang='lat' dir='ltr'><strong>penitus</strong></span> <span class='ocrx_word' id='word_1_394' title='bbox 2423 2692 2561 2743; x_wconf 84' lang='lat' dir='ltr'><strong>noch</strong></span> 
     </span>
     <span class='ocr_line' id='line_1_59' title="bbox 1530 2759 2562 2825; baseline -0.005 -13"><span class='ocrx_word' id='word_1_395' title='bbox 1530 2759 1814 2822; x_wconf 72' lang='lat' dir='ltr'><strong>verstfirkt3</strong></span> <span class='ocrx_word' id='word_1_396' title='bbox 1841 2776 1900 2812; x_wconf 81' lang='lat' dir='ltr'><strong>so</strong></span> <span class='ocrx_word' id='word_1_397' title='bbox 1925 2759 1988 2812; x_wconf 89' lang='lat' dir='ltr'><strong>de</strong></span> <span class='ocrx_word' id='word_1_398' title='bbox 2013 2759 2102 2812; x_wconf 82' lang='lat' dir='ltr'><strong>fin.</strong></span> <span class='ocrx_word' id='word_1_399' title='bbox 2117 2759 2178 2812; x_wconf 83' lang='lat' dir='ltr'><strong>V.</strong></span> <span class='ocrx_word' id='word_1_400' title='bbox 2203 2762 2281 2822; x_wconf 86' lang='grc'><strong>16,</strong></span> <span class='ocrx_word' id='word_1_401' title='bbox 2294 2762 2384 2812; x_wconf 82' lang='lat'><strong>44:</strong></span> <span class='ocrx_word' id='word_1_402' title='bbox 2401 2762 2562 2825; x_wconf 82' lang='lat' dir='ltr'><strong>peni-</strong></span> 
     </span>
     <span class='ocr_line' id='line_1_60' title="bbox 1536 2827 2563 2894; baseline -0.001 -16"><span class='ocrx_word' id='word_1_403' title='bbox 1536 2835 1620 2879; x_wconf 78' lang='lat' dir='ltr'><strong>tus</strong></span> <span class='ocrx_word' id='word_1_404' title='bbox 1640 2829 1944 2894; x_wconf 69' lang='lat' dir='ltr'><strong>pervidere,</strong></span> <span class='ocrx_word' id='word_1_405' title='bbox 1966 2827 2029 2880; x_wconf 87' lang='lat' dir='ltr'><strong>de</strong></span> <span class='ocrx_word' id='word_1_406' title='bbox 2049 2834 2177 2879; x_wconf 85' lang='lat' dir='ltr'><strong>orat.</strong></span> <span class='ocrx_word' id='word_1_407' title='bbox 2200 2828 2236 2880; x_wconf 88' lang='lat'><strong>1.</strong></span> <span class='ocrx_word' id='word_1_408' title='bbox 2256 2830 2304 2892; x_wconf 81' lang='lat'><strong>5,</strong></span> <span class='ocrx_word' id='word_1_409' title='bbox 2328 2830 2414 2880; x_wconf 78' lang='lat'><strong>17:</strong></span> <span class='ocrx_word' id='word_1_410' title='bbox 2435 2843 2563 2892; x_wconf 79' lang='lat' dir='ltr'><strong>per-</strong></span> 
     </span>
     <span class='ocr_line' id='line_1_61' title="bbox 1533 2897 2368 2962; baseline 0 -15"><span class='ocrx_word' id='word_1_411' title='bbox 1533 2912 1774 2957; x_wconf 74' lang='lat' dir='ltr'><strong>noscere;</strong></span> <span class='ocrx_word' id='word_1_412' title='bbox 1812 2898 1897 2961; x_wconf 84' lang='grc'><strong>20,</strong></span> <span class='ocrx_word' id='word_1_413' title='bbox 1932 2897 2021 2948; x_wconf 82' lang='lat'><strong>92:</strong></span> <span class='ocrx_word' id='word_1_414' title='bbox 2055 2900 2368 2962; x_wconf 72' lang='lat' dir='ltr'><strong>perspicere.</strong></span> 
     </span>
    </p>

    <p class='ocr_par' dir='ltr' id='par_1_25' title="bbox 1532 2963 2566 3166">
     <span class='ocr_line' id='line_1_62' title="bbox 1606 2963 2560 3028; baseline -0.004 -10"><span class='ocrx_word' id='word_1_415' title='bbox 1606 2967 1685 3018; x_wconf 80' lang='lat'><strong>17.</strong></span> <span class='ocrx_word' id='word_1_416' title='bbox 1732 2964 1878 3015; x_wconf 78' lang='lat' dir='ltr'><strong>nihil</strong></span> <span class='ocrx_word' id='word_1_417' title='bbox 1911 2963 2180 3015; x_wconf 65' lang='lat' dir='ltr'><strong>admirari</strong></span> <span class='ocrx_word' id='word_1_418' title='bbox 2203 2986 2270 3007; x_wconf 90' lang='lat'><em>=</em></span> <span class='ocrx_word' id='word_1_419' title='bbox 2294 2964 2445 3015; x_wconf 81' lang='lat' dir='ltr'><strong>nulla</strong></span> <span class='ocrx_word' id='word_1_420' title='bbox 2480 2980 2560 3028; x_wconf 77' lang='lat' dir='ltr'><strong>re,</strong></span> 
     </span>
     <span class='ocr_line' id='line_1_63' title="bbox 1532 3033 2566 3097; baseline 0.001 -15"><span class='ocrx_word' id='word_1_421' title='bbox 1532 3035 1641 3083; x_wconf 76' lang='lat' dir='ltr'><strong>sive</strong></span> <span class='ocrx_word' id='word_1_422' title='bbox 1679 3034 1819 3084; x_wconf 73' lang='lat' dir='ltr'><strong>laeta</strong></span> <span class='ocrx_word' id='word_1_423' title='bbox 1856 3034 1969 3082; x_wconf 73' lang='lat' dir='ltr'><strong>eive</strong></span> <span class='ocrx_word' id='word_1_424' title='bbox 2013 3034 2183 3097; x_wconf 72' lang='lat' dir='ltr'><strong>tristi,</strong></span> <span class='ocrx_word' id='word_1_425' title='bbox 2229 3033 2566 3083; x_wconf 75' lang='lat' dir='ltr'><strong>vehementer</strong></span> 
     </span>
     <span class='ocr_line' id='line_1_64' title="bbox 1535 3099 2454 3166; baseline 0.001 -15"><span class='ocrx_word' id='word_1_426' title='bbox 1535 3099 1703 3163; x_wconf 74' lang='lat' dir='ltr'><strong>affici.</strong></span> <span class='ocrx_word' id='word_1_427' title='bbox 1776 3100 1893 3152; x_wconf 83' lang='lat' dir='ltr'><strong>Hor.</strong></span> <span class='ocrx_word' id='word_1_428' title='bbox 1929 3100 2081 3166; x_wconf 83' lang='lat' dir='ltr'><strong>epist.</strong></span> <span class='ocrx_word' id='word_1_429' title='bbox 2117 3099 2153 3151; x_wconf 86' lang='grc' dir='ltr'><strong>Ι.</strong></span> <span class='ocrx_word' id='word_1_430' title='bbox 2191 3100 2241 3164; x_wconf 87' lang='grc'><strong>6,</strong></span> <span class='ocrx_word' id='word_1_431' title='bbox 2279 3102 2336 3153; x_wconf 83' lang='grc'><strong>1;</strong></span> <span class='ocrx_word' id='word_1_432' title='bbox 2440 3140 2454 3152; x_wconf 87' lang='grc'><strong>.</strong></span> 
     </span>
    </p>

    <p class='ocr_par' dir='ltr' id='par_1_26' title="bbox 1601 3167 2565 3234">
     <span class='ocr_line' id='line_1_65' title="bbox 1601 3167 2565 3234; baseline -0.001 -15"><span class='ocrx_word' id='word_1_433' title='bbox 1601 3167 1701 3219; x_wconf 87' lang='lat' dir='ltr'><strong>Nil</strong></span> <span class='ocrx_word' id='word_1_434' title='bbox 1722 3168 1991 3220; x_wconf 80' lang='lat' dir='ltr'><strong>admirari</strong></span> <span class='ocrx_word' id='word_1_435' title='bbox 2006 3183 2181 3233; x_wconf 82' lang='lat' dir='ltr'><strong>prope</strong></span> <span class='ocrx_word' id='word_1_436' title='bbox 2211 3183 2298 3217; x_wconf 76' lang='lat' dir='ltr'><strong>res</strong></span> <span class='ocrx_word' id='word_1_437' title='bbox 2322 3172 2400 3219; x_wconf 73' lang='lat' dir='ltr'><strong>est</strong></span> <span class='ocrx_word' id='word_1_438' title='bbox 2430 3183 2565 3234; x_wconf 76' lang='lat' dir='ltr'><strong>una,</strong></span> 
     </span>
    </p>

    <p class='ocr_par' dir='ltr' id='par_1_27' title="bbox 1532 3234 2566 3505">
     <span class='ocr_line' id='line_1_66' title="bbox 1940 3234 2178 3301; baseline 0 -15"><span class='ocrx_word' id='word_1_439' title='bbox 1940 3234 2178 3301; x_wconf 83' lang='lat' dir='ltr'><strong>Numici,</strong></span> 
     </span>
     <span class='ocr_line' id='line_1_67' title="bbox 1604 3301 2566 3370; baseline -0.003 -15"><span class='ocrx_word' id='word_1_440' title='bbox 1604 3303 1860 3370; x_wconf 81' lang='lat' dir='ltr'><strong>Solaque,</strong></span> <span class='ocrx_word' id='word_1_441' title='bbox 1908 3319 2044 3369; x_wconf 81' lang='lat' dir='ltr'><strong>quae</strong></span> <span class='ocrx_word' id='word_1_442' title='bbox 2087 3304 2259 3369; x_wconf 71' lang='lat' dir='ltr'><strong>possit</strong></span> <span class='ocrx_word' id='word_1_443' title='bbox 2295 3301 2475 3363; x_wconf 78' lang='lat' dir='ltr'><strong>facere</strong></span> <span class='ocrx_word' id='word_1_444' title='bbox 2508 3307 2566 3353; x_wconf 80' lang='lat' dir='ltr'><strong>et</strong></span> 
     </span>
     <span class='ocr_line' id='line_1_68' title="bbox 1937 3372 2415 3422; baseline 0.004 -2"><span class='ocrx_word' id='word_1_445' title='bbox 1937 3387 2153 3422; x_wconf 76' lang='lat' dir='ltr'><strong>servare</strong></span> <span class='ocrx_word' id='word_1_446' title='bbox 2188 3372 2415 3422; x_wconf 80' lang='lat' dir='ltr'><strong>beatum.</strong></span> 
     </span>
     <span class='ocr_line' id='line_1_69' title="bbox 1532 3436 2157 3505; baseline 0.005 -18"><span class='ocrx_word' id='word_1_447' title='bbox 1532 3437 1650 3505; x_wconf 77' lang='lat' dir='ltr'><strong>Vgl.</strong></span> <span class='ocrx_word' id='word_1_448' title='bbox 1686 3436 1840 3492; x_wconf 81' lang='lat' dir='ltr'><strong>Tusc.</strong></span> <span class='ocrx_word' id='word_1_449' title='bbox 1878 3436 1939 3489; x_wconf 86' lang='lat' dir='ltr'><strong>V.</strong></span> <span class='ocrx_word' id='word_1_450' title='bbox 1965 3440 2050 3502; x_wconf 88' lang='lat'><strong>28,</strong></span> <span class='ocrx_word' id='word_1_451' title='bbox 2075 3441 2157 3492; x_wconf 89' lang='grc'><strong>81.</strong></span> 
     </span>
    </p>

    <p class='ocr_par' dir='ltr' id='par_1_28' title="bbox 1532 3506 2567 3777">
     <span class='ocr_line' id='line_1_70' title="bbox 1608 3506 2561 3573; baseline 0 -15"><span class='ocrx_word' id='word_1_452' title='bbox 1608 3508 1686 3560; x_wconf 88' lang='grc'><strong>18.</strong></span> <span class='ocrx_word' id='word_1_453' title='bbox 1703 3522 1813 3558; x_wconf 82' lang='lat' dir='ltr'><strong>non</strong></span> <span class='ocrx_word' id='word_1_454' title='bbox 1832 3509 2045 3558; x_wconf 82' lang='lat' dir='ltr'><strong>evenire</strong></span> <span class='ocrx_word' id='word_1_455' title='bbox 2065 3506 2249 3573; x_wconf 77' lang='lat' dir='ltr'><strong>gehort</strong></span> <span class='ocrx_word' id='word_1_456' title='bbox 2265 3520 2561 3558; x_wconf 84' lang='lat' dir='ltr'><strong>zusammen</strong></span> 
     </span>
     <span class='ocr_line' id='line_1_71' title="bbox 1532 3572 2563 3640; baseline 0.001 -15"><span class='ocrx_word' id='word_1_457' title='bbox 1532 3575 1638 3625; x_wconf 88' lang='lat' dir='ltr'><strong>und</strong></span> <span class='ocrx_word' id='word_1_458' title='bbox 1673 3575 1846 3626; x_wconf 82' lang='lat' dir='ltr'><strong>mecht</strong></span> <span class='ocrx_word' id='word_1_459' title='bbox 1881 3574 2069 3626; x_wconf 86' lang='lat' dir='ltr'><strong>einen</strong></span> <span class='ocrx_word' id='word_1_460' title='bbox 2098 3572 2297 3640; x_wconf 82' lang='lat' dir='ltr'><strong>Begriff</strong></span> <span class='ocrx_word' id='word_1_461' title='bbox 2312 3588 2422 3639; x_wconf 82' lang='lat' dir='ltr'><strong>aus,</strong></span> <span class='ocrx_word' id='word_1_462' title='bbox 2459 3574 2563 3626; x_wconf 84' lang='lat' dir='ltr'><strong>wie</strong></span> 
     </span>
     <span class='ocr_line' id='line_1_72' title="bbox 1537 3641 2567 3709; baseline -0.002 -14"><span class='ocrx_word' id='word_1_463' title='bbox 1537 3644 1617 3707; x_wconf 88' lang='grc'><strong>16,</strong></span> <span class='ocrx_word' id='word_1_464' title='bbox 1650 3645 1744 3695; x_wconf 83' lang='grc'><strong>34;</strong></span> <span class='ocrx_word' id='word_1_465' title='bbox 1780 3641 1923 3693; x_wconf 75' lang='lat' dir='ltr'><strong>nihil</strong></span> <span class='ocrx_word' id='word_1_466' title='bbox 1955 3659 2064 3692; x_wconf 70' lang='lat' dir='ltr'><strong>esse</strong></span> <span class='ocrx_word' id='word_1_467' title='bbox 2098 3643 2245 3709; x_wconf 81' lang='lat' dir='ltr'><strong>quod</strong></span> <span class='ocrx_word' id='word_1_468' title='bbox 2276 3657 2386 3692; x_wconf 81' lang='lat' dir='ltr'><strong>non</strong></span> <span class='ocrx_word' id='word_1_469' title='bbox 2421 3644 2567 3693; x_wconf 88' lang='lat' dir='ltr'><strong>acci-</strong></span> 
     </span>
     <span class='ocr_line' id='line_1_73' title="bbox 1534 3710 1872 3777; baseline 0 -16"><span class='ocrx_word' id='word_1_470' title='bbox 1534 3710 1658 3761; x_wconf 81' lang='lat' dir='ltr'><strong>dere</strong></span> <span class='ocrx_word' id='word_1_471' title='bbox 1688 3713 1872 3777; x_wconf 73' lang='lat' dir='ltr'><strong>possit.</strong></span> 
     </span>
    </p>

    <p class='ocr_par' dir='ltr' id='par_1_29' title="bbox 1609 3774 2566 3843">
     <span class='ocr_line' id='line_1_74' title="bbox 1609 3774 2566 3843; baseline -0.005 -11"><span class='ocrx_word' id='word_1_472' title='bbox 1609 3781 1687 3832; x_wconf 82' lang='lat'><strong>19.</strong></span> <span class='ocrx_word' id='word_1_473' title='bbox 1722 3779 1892 3842; x_wconf 79' lang='lat' dir='ltr'><strong>Quam</strong></span> <span class='ocrx_word' id='word_1_474' title='bbox 1920 3779 1983 3830; x_wconf 85' lang='lat' dir='ltr'><strong>ab</strong></span> <span class='ocrx_word' id='word_1_475' title='bbox 2008 3793 2123 3828; x_wconf 82' lang='lat' dir='ltr'><strong>rem</strong></span> <span class='ocrx_word' id='word_1_476' title='bbox 2147 3780 2270 3842; x_wconf 66' lang='lat' dir='ltr'><strong>cet„</strong></span> <span class='ocrx_word' id='word_1_477' title='bbox 2308 3790 2401 3828; x_wconf 85' lang='lat' dir='ltr'><strong>aus</strong></span> <span class='ocrx_word' id='word_1_478' title='bbox 2428 3774 2566 3843; x_wconf 65' lang='lat' dir='ltr'><strong>Ter„</strong></span> 
     </span>
    </p>
   </div>
  </div>
 </body>
</html>
