2834 4317
989 181 1178 235 LIBER
1213 182 1249 235 l.
1289 184 1371 247 26,
1409 185 1491 236 64.
1529 184 1609 235 65.
2294 183 2373 241 69

207 354 448 416 caelesti
493 353 695 433 aliquo
740 355 958 422 mentis
999 355 1289 416 instinctu
1317 361 1523 433 putem
1553 355 1805 416 fundere
1848 364 1949 416 aut
1979 354 2378 433 eloquentiam

207 441 339 503 sine
390 440 619 501 maiore
672 441 921 518 quadam
974 441 1033 501 vi
1087 442 1271 501 fluere
1324 439 1725 500 abundantem
1777 439 2131 501 sonantibus
2180 440 2377 503 verbis

205 523 620 603 uberibusque
656 525 984 586 sententiis,
1037 525 1416 604 Philosophia
1445 543 1605 606 vero,
1638 526 1903 586 omnium
1926 534 2114 586 mater
2142 527 2377 600 artium,

208 610 356 691 quid
388 619 479 671 est
508 609 661 671 aliud
696 610 807 671 nisi
826 656 842 685 ‚
873 617 939 671 ut
967 611 1133 671 Plato
1152 658 1168 685 ,
1199 610 1458 682 donum,
1491 617 1556 671 ut
1586 629 1715 690 ego,
1748 611 2057 671 inventum
2088 608 2377 671 deorum?

138 710 166 758 5
209 696 373 757 Haec
419 715 530 756 nos
576 696 833 775 primum
867 696 938 756 ad
970 695 1205 756 illorum
1238 696 1498 770 cultum,
1544 696 1758 756 deinde
1803 696 1873 756 ad
1914 696 2006 756 ius
2044 696 2377 768 hominum,
2479 767 2488 778 ,

210 780 375 860 quod
417 783 595 841 situm
620 789 708 841 est
751 780 813 841 in
841 782 1079 858 generis
1119 781 1366 842 humani
1412 781 1713 855 societate,
1749 789 1876 842 tum
1906 781 1975 841 ad
2030 781 2375 847 modestiam
2397 845 2406 858 „
2473 785 2520 816 ’ᾗ
2559 787 2681 824 22

210 866 810 945 magnitudinemque
841 867 1019 927 animi
1061 866 1346 942 erudivit,
1391 867 1712 946 eademque
1745 866 1818 927 ab
1850 867 2048 928 animo
2078 875 2377 945 tamquam
2407 853 2730 936 ssfvmz..=f²

213 951 292 1012 ab
317 951 507 1013 oculis
544 951 852 1030 caliginem
881 951 1141 1031 dispulit,
1165 962 1234 1013 ut
1257 952 1456 1013 omnia
1479 970 1693 1032 supera
1718 953 1927 1026 infera,
1959 953 2148 1032 prima
2173 952 2375 1013 ultima
2427 941 2674 1022 ›avi‘v'ff‘ff

212 1037 408 1098 media
438 1036 788 1097 videremuS.
2569 1094 2620 1124 ἢ
2663 1105 2672 1112 ‚
2717 1109 2726 1116 Ἴ,

119 1134 170 1182 10
389 1121 436 1182 P
457 1140 643 1204 ,orsus
672 1121 819 1182 haec
851 1121 1045 1182 divina
1076 1121 1219 1182 mihi
1249 1121 1483 1183 videtur
1512 1122 1613 1195 vis,
1658 1141 1808 1201 quae
1831 1131 1921 1184 tot
1949 1141 2046 1184 res
2078 1122 2294 1184 efficiat
2323 1131 2382 1183 et
2422 1133 2482 1182 65
2669 1125 2702 1138 ν

211 1140 648 1277 tantasLQ'uid
680 1216 770 1268 est
800 1207 956 1268 enim
989 1207 1271 1268 memoria
1317 1225 1517 1268 rerum
1550 1216 1610 1268 et
1637 1205 1996 1268 verborum?
2027 1208 2171 1286 quid
2197 1225 2379 1288 porro

213 1289 527 1354 inventio?
587 1292 866 1354 Profecto
897 1292 988 1367 id,
1035 1310 1152 1370 quo
1203 1311 1278 1353 ne
1322 1293 1384 1353 in
1430 1293 1540 1353 deo
1576 1291 1812 1371 quidem
1844 1293 2163 1371 quicquam
2193 1292 2382 1352 maius

214 1377 482 1453 intellegi
512 1386 727 1456 potest.
788 1378 919 1439 Non
956 1378 1115 1438 enim
1146 1377 1439 1439 ambrosia
1472 1377 1615 1439 deos
1644 1385 1745 1437 aut
1767 1386 2006 1438 nectare
2039 1386 2139 1438 aut
2167 1377 2382 1438 Iuven-

214 1471 337 1523 tate
368 1464 582 1542 pocula
614 1463 985 1524 ministrante
1017 1463 1220 1523 laetari
1252 1462 1527 1536 arbitror,
1561 1481 1674 1523 nec
1697 1462 2022 1523 Homerum
2051 1462 2246 1536 audio,
2279 1463 2382 1541 qui

125 1565 174 1614 15
217 1547 604 1629 Ganymeden
655 1547 726 1608 ab
772 1549 861 1609 dis
908 1558 1142 1628 raptum
1187 1547 1267 1609 ait
1296 1555 1547 1628 propter
1576 1548 1856 1622 formam,
1909 1556 1976 1609 ut
2017 1548 2139 1609 lovi
2177 1547 2381 1609 bibere

2607 631 2622 644 ,.

2505 694 2556 722 ‘aas
2567 663 2658 710 ..u
2667 667 2689 688 ⁴‘

218 1751 502 1817 lfissigkeit
556 1751 646 1803 der
697 1750 1032 1816 angest'ihrten
1079 1750 1253 1816 Folge.
1356 1765 1409 1816 p.
1427 1749 1565 1802 47b:
1607 1745 1930 1819 φιλοσοφίας
1960 1754 2132 1819 γένος,
2171 1750 2243 1802 οὗ
2264 1762 2381 1817 μετ-

30 1839 31 1922 p
222 1820 343 1886 V-gl.
394 1819 451 1873 ll.
501 1822 593 1885 19,
630 1823 695 1872 45
742 1834 791 1870 n.
837 1817 873 1871 1.
911 1820 1010 1883 38,
1047 1821 1139 1873 91:
1193 1823 1260 1870 ut
1361 1820 1459 1883 ζον
1494 1818 1719 1901 ἀγαθὸν
1743 1810 1877 1899 offic:
1893 1814 2067 1884 ἦλθεν
2102 1812 2235 1870 οὔθ’
2265 1817 2381 1884 ἥξει

219 1894 422 1956 putem.
1358 1890 1498 1939 ποτὲ
1547 1904 1627 1951 τῳ
1675 1885 1874 1952 θνητῳ
1921 1891 2068 1955 γένει
2121 1884 2384 1957 δωρηθέν

287 1971 465 2022 grave
518 1970 639 2007 vom
700 1955 1019 2021 gediegencn
1074 1954 1255 2020 luhalt‚

217 2025 440 2090 plenum
485 2039 605 2075 vom
650 2023 1020 2076 volltbnenden
1059 2022 1254 2089 Klange

225 2093 315 2145 der
333 2092 512 2145 Verse.
572 2089 685 2157 vgl.
723 2091 785 2143 de
822 2107 897 2144 or.
922 2090 998 2145 111.
1027 2094 1253 2153 37‚15o.

297 2164 342 2215 1.
357 2159 606 2221 fundere.
642 2159 811 2210 Damit
839 2159 965 2210 wird
979 2158 1068 2211 das
1080 2160 1255 2211 muhe-

224 2229 338 2280 lose
363 2228 777 2292 Hervorbringen
800 2228 932 2292 bez„
969 2228 1072 2278 wie
1097 2233 1252 2279 unten

224 2300 423 2360 44‚10·1
456 2296 562 2348 und
580 2296 643 2347 de
665 2311 736 2348 or.
757 2295 1072 2360 111.50‚194:
1101 2296 1255 2346 Anti·-

220 2370 384 2431 pater
427 2367 521 2416 ille
558 2365 813 2416 Sidonius
847 2393 914 2402 -
948 2362 1142 2414 solitus
1179 2369 1259 2414 est

222 2450 411 2485 versus
450 2436 785 2485 heaeametros
809 2434 1051 2497 aliosque
1085 2435 1258 2483 variis

218 2501 399 2553 modis
418 2506 578 2568 atque
593 2503 833 2552 numeris
849 2499 1094 2561 fundere.
1131 2499 1255 2551 Zum

217 2569 399 2622 Inhalt
432 2570 538 2636 vgl.
573 2584 623 2636 p.
650 2569 802 2620 Arcb.
842 2570 891 2632 8,
916 2570 1012 2643 18:
1046 2570 1259 2633 poetam

220 2642 432 2689 natura
467 2641 588 2703 ipsa
624 2639 803 2688 valere
827 2640 879 2687 et
899 2641 1092 2687 mentis
1125 2638 1259 2687 viri-

226 2710 329 2758 bus
367 2708 607 2757 eoecitari
640 2710 692 2755 et
715 2708 872 2770 quasi
906 2706 1092 2756 divino
1129 2720 1258 2771 quo-

221 2776 356 2827 dam
391 2776 591 2840 spiritu
625 2775 817 2836 inflari
829 2789 845 2839 ς
880 2772 945 2825 de
982 2789 1055 2825 or.
1092 2772 1148 2825 11.
1175 2776 1258 2858 463

226 2845 362 2903 1943
405 2841 652 2894 Schillers
682 2838 828 2894 ‘Grai
844 2856 947 2892 von
975 2841 1242 2908 Habsburg

225 2912 330 2965 Str.
358 2915 406 2963 5.

295 2981 345 3031 3.
383 2979 662 3029 uberibus:
699 2977 1119 3028 inhaltsreichen.

295 3052 472 3098 mater
495 3049 715 3097 artium.
772 3045 888 3111 Vgl.
915 3044 979 3096 de
1005 3059 1078 3098 or.
1092 3045 1126 3097 1.
1140 3048 1256 3109 3,9:

226 3114 414 3182 Neque
439 3118 580 3164 enim
617 3119 667 3164 te
701 3112 857 3178 fugit
879 3115 1116 3164 omnium
1145 3113 1260 3164 lau-

228 3183 484 3234 datarum
558 3184 760 3233 artium
835 3185 1259 3248 procreatricem

229 3252 506 3317 quandam
542 3256 597 3301 et
621 3252 782 3316 qnasi
813 3253 1089 3315 parentem
1126 3265 1259 3315 eam,

228 3335 392 3384 quam
441 3315 773 3389 φιλοσοφίαν
812 3318 1004 3369 Graeci
1048 3325 1259 3383 vocant,

231 3390 294 3439 ab
322 3389 629 3438 hominibus
665 3388 983 3437 doctissimis
1005 3386 1258 3441 iudicari.

230 3454 374 3507 Brut.
402 3459 486 3517 93,
512 3457 630 3509 322.
675 3454 747 3506 De
783 3453 875 3506 fin.
902 3452 962 3506 V.
989 3455 1038 3519 3,
1059 3457 1093 3505 51
1133 3455 1260 3506 wird

232 3523 312 3575 die
375 3523 710 3590 Philosophia
769 3525 1006 3574 omnium
1059 3525 1259 3574 artium

234 3590 460 3654 officina
497 3596 737 3657 genennt.

301 3662 350 3712 4.
375 3666 438 3711 ut
453 3660 625 3722 Plato,
661 3659 873 3725 Ellipse‚
915 3661 1017 3711 wie
1037 3659 1100 3712 de
1121 3660 1260 3712 deor.

233 3742 283 3779 n.
307 3726 344 3780 l.
365 3729 448 3791 35,
470 3730 561 3781 97:
605 3733 670 3779 ut
692 3729 923 3791 Ennius,
958 3728 1062 3780 und
1099 3728 1168 3781 ib.
1202 3727 1259 3780 11.

236 3796 285 3858 2,
309 3798 366 3847 4:
404 3800 470 3846 ut
503 3796 642 3846 idem
680 3796 906 3848 Ennius.

305 3863 502 3915 donum
539 3891 603 3901 —
643 3863 876 3915 deorum.
956 3861 1088 3917 Plat.
1126 3862 1257 3916 Tim.

1359 1960 1417 2006 ἐκ
1455 1955 1632 2007 θεῶν.

1430 2028 1476 2077 5.
1547 2027 1633 2074 ius
1693 2024 1996 2088 hominum,
2061 2022 2385 2085 Naturrecht,

1359 2091 1647 2157 Gegensatz
1684 2106 1747 2142 zu
1783 2095 1871 2141 ius
1907 2092 2078 2143 civile.

1428 2164 1475 2212 6.
1528 2159 1842 2211 modestiam
1887 2183 1953 2203 =
2004 2162 2383 2229 σωφροσύνην,

1360 2243 1400 2280 s.
1436 2227 1516 2279 111.
1553 2229 1601 2292 8,
1642 2229 1720 2280 16.

1431 2297 1478 2348 8.
1503 2311 1701 2359 supera
1723 2295 1921 2357 infera.
1959 2295 2125 2347 Wenn
2151 2295 2266 2346 eine
2286 2294 2383 2345 Ge-

1359 2363 1604 2415 samtheit
1639 2362 1797 2414 durch
1818 2364 2030 2429 Angabe
2067 2362 2157 2414 der
2192 2363 2381 2414 {iusser-

1360 2436 1476 2483 sten
1525 2429 1845 2496 Gegensatze
1889 2430 2191 2481 bezeichnet
2236 2429 2382 2492 wird,

1360 2515 1419 2551 so
1444 2499 1513 2550 ist
1537 2498 1620 2549 die
1646 2497 2004 2566 asyndetische
2029 2497 2384 2548 Nebeneinan-

1361 2566 1681 2632 derstellung
1725 2565 1993 2617 derselben
2041 2563 2383 2630 regelmal'sig.

1363 2635 1479 2699 Vgl.
1501 2634 1562 2688 V.
1590 2636 1674 2698 26,
1694 2636 1785 2687 73:
1822 2635 2039 2686 honesta
2065 2635 2247 2698 turpia
2257 2651 2272 2695 3
2300 2635 2386 2696 39,

1366 2707 1490 2758 114:
1535 2704 1674 2753 bona
1707 2702 1872 2754 mala.
1941 2701 2220 2754 Bisweilen
2257 2699 2386 2752 wird

1362 2772 1493 2824 auch
1514 2771 1647 2823 noch
1672 2770 1763 2823 das
1786 2771 1838 2822 in
1857 2770 1947 2822 der
1965 2769 2112 2822 Mitte
2132 2768 2386 2836 Liegende

1364 2839 1652 2906 erganzend
1707 2839 2070 2906 hinzugeffigt,
2126 2839 2224 2889 wie
2277 2838 2386 2889 hier

1360 2911 1548 2975 prima
1583 2910 1777 2959 ultima
1812 2909 1989 2959 media
2024 2924 2076 2959 u.
2104 2906 2167 2958 ad
2194 2906 2313 2960 fam.
2336 2905 2385 2957 V

1367 2980 1457 3029 85:
1496 2976 1562 3027 de
1598 2978 1842 3027 omnibus
1872 2978 2112 3026 minimis
2132 2978 2388 3026 maximis

1359 3045 1719 3096 mediocribus
1752 3047 1925 3097 rebus.

1436 3114 1513 3165 12.
1558 3128 1680 3178 quo,
1717 3113 1785 3164 im
1823 3111 2095 3177 Vergleich
2136 3112 2331 3163 womit.

1432 3184 1512 3235 13.
1538 3181 1831 3232 Iuventate.
1849 3173 1987 3247 Ἥβη
2012 3179 2120 3245 (lat.
2148 3179 2223 3230 als
2236 3178 2385 3231 Nom.

1360 3250 2023 3370 Ξὲῗῧὲιέἑθῗέἴιῗιίῗωῖὲῐ
2044 3247 2386 3367 ἷὲΡὲἓῗῖῗιὲᾱ

1362 3384 1466 3449 (lV.
1483 3387 1534 3451 2)
1559 3385 1643 3437 die
1665 3355 2074 3436 Mundsclienkin
2100 3382 2189 3433 der
2206 3381 2388 3434 Gotter

1361 3452 1668 3520 uberhaupt,
1693 3452 2018 3521 Ganymedes
2054 3467 2147 3503 nur
2171 3451 2261 3501 der
2296 3449 2389 3502 des

1362 3521 1618 3589 Juppiter.

1435 3593 1516 3642 14.
1553 3590 1855 3658 Homerum.
1916 3587 2032 3639 Ilias
2067 3586 2177 3639 XX.
2205 3584 2386 3650 233sg.

1435 3662 1514 3710 ¹5.
1555 3658 1911 3725 Ganymeden.
1947 3656 2065 3723 Vgl.
2093 3660 2140 3721 5,
2164 3658 2249 3708 10:
2286 3653 2389 3703 De·

1362 3727 1687 3777 mosthenen.

1435 3796 1613 3845 bibere
1646 3795 2006 3855 ministraret,
2052 3793 2136 3844 ein
2172 3806 2263 3842 aus
2300 3789 2390 3840 der

1365 3860 1845 3928 Umgangssprache
1870 3859 2160 3912 entlehnter
2186 3856 2388 3919 Ausdr„
