2834 4317
415 174 561 243 '44

1224 186 1417 240 LIBER
1448 187 1529 240 111.
1566 191 1648 253 28,
1667 191 1887 242 68-70.

475 359 742 439 intellegi
774 377 1018 420 necesse
1062 369 1304 421 estnon
1347 378 1475 420 rem
1504 360 1691 440 ipsam
1737 378 1974 421 causam
2019 369 2197 439 atque
2240 361 2471 422 fontem
2512 380 2643 423 esse

366 457 426 508 68
475 445 779 506 maeroriS.
838 444 1184 524 Philosophi
1224 445 1441 506 summi
1484 444 1824 522 nequedum
1866 454 2066 506 tamen
2108 446 2461 525 sapientiam
2492 464 2642 507 con-

474 530 662 592 secuti
707 548 913 591 nonne
955 529 1313 609 intellegunt
1353 532 1416 591 in
1462 548 1693 590 summo
1739 550 1803 591 se
1847 531 1999 591 malo
2044 529 2218 592 esse?
2279 532 2436 592 Sunt
2479 532 2638 592 enim

470 615 854 695 insipientes,
905 634 1099 693 neque
1144 615 1486 694 insipientia
1531 615 1718 675 ullum
1765 615 1953 676 maius
1998 616 2217 676 malum
2261 627 2384 691 est;
2444 635 2639 695 neque

469 714 671 762 tamen
704 701 932 777 lugent.
995 700 1151 770 Quid
1177 698 1302 761 ita?
1335 700 1486 772 Quia
1516 699 1655 760 huic
1684 700 1892 778 generi
1922 700 2210 762 malorum
2243 721 2367 762 non
2393 702 2639 782 adtingi·
2681 715 2714 765 5

470 798 571 847 tur
597 786 693 846 illa
726 785 964 865 opinio,
1007 796 1236 848 rectum
1282 805 1408 847 esse
1455 796 1516 846 et
1544 803 1800 863 aequum
1845 796 1905 846 et
1937 787 2008 847 ad
2041 787 2306 847 officium
2334 787 2638 866 pertinere

473 890 650 950 aegre
680 871 871 944 ferre,
918 871 1075 949 quod
1117 871 1353 950 sapiens
1396 890 1521 930 non
1552 870 1664 943 sis,
1710 871 1871 949 quod
1914 871 2069 931 idem
2101 872 2459 951 adfingimus
2501 873 2639 933 huic

371 970 431 1020 69
475 955 860 1035 aegritudini,
892 956 954 1016 in
987 973 1102 1034 qua
1131 956 1328 1017 luctus
1357 955 1542 1028 inest,
1575 974 1728 1033 quae
1759 955 2025 1016 omnium
2054 975 2324 1017 maxuma
2355 969 2464 1018 est.
2524 957 2638 1018 Ita-

476 1060 593 1120 que
622 1040 969 1101 Aristoteles
997 1050 1226 1101 veteres
1258 1041 1647 1120 philosophos
1679 1059 1983 1115 accusans,
2015 1042 2118 1120 qui
2151 1042 2638 1104 existimavissent

473 1125 907 1206 philosophiam
937 1126 1061 1188 suis
1104 1126 1361 1205 ingeniis
1406 1145 1537 1187 esse
1566 1127 1925 1205 perfectam,
1974 1127 2055 1187 ait
2083 1146 2186 1188 eos
2230 1140 2330 1188 aut
2359 1127 2639 1189 stultissi-
2682 1138 2740 1189 10

473 1230 604 1273 mos
634 1221 737 1272 aut
767 1211 1223 1290 gloriosissimos
1267 1211 1481 1279 fuisse,
1524 1210 1626 1271 sed
1659 1230 1722 1271 se
1753 1211 1980 1286 videre,
2025 1213 2186 1289 quod
2225 1213 2433 1292 paucis
2464 1212 2638 1274 annis

473 1315 688 1375 magna
731 1297 989 1358 accessio
1033 1297 1186 1357 facta
1232 1306 1416 1368 esset,
1463 1296 1626 1356 brevi
1670 1305 1939 1375 tempore
1982 1297 2418 1378 philosophiam
2458 1298 2636 1378 plane

475 1381 806 1443 absolutam
849 1383 998 1442 fore.
1071 1382 1513 1461 Theophrastus
1552 1393 1749 1441 autem
1794 1382 2056 1443 moriens
2111 1400 2418 1445 accusasse
2462 1392 2636 1444 natu-

474 1486 601 1530 ram
633 1468 869 1540 dicitur‚
904 1466 1063 1545 quod
1094 1467 1281 1528 cervis
1311 1478 1371 1526 et
1400 1464 1743 1527 cornicibus
1775 1467 1948 1527 vitam
1980 1467 2339 1540 diuturnam,
2380 1486 2636 1548 quorum

475 1554 533 1613 id
566 1552 714 1612 nihil
741 1552 1083 1625 interesset,
1113 1551 1489 1625 bominibus,
1521 1569 1776 1629 quorum
1807 1551 2059 1612 maxime
2089 1553 2486 1627 interfuisset,
2517 1563 2640 1614 tam
2683 1564 2742 1614 15

477 1638 748 1716 exiguam
778 1637 954 1697 vitam
985 1637 1272 1706 dedisset;
1333 1654 1592 1714 quorum
1622 1636 1672 1698 si
1712 1648 1872 1698 aetas
1912 1637 2205 1717 potuisset
2238 1658 2365 1700 esse
2395 1639 2637 1717 longin—

478 1723 673 1800 quior,
704 1723 972 1782 futurum
993 1721 1175 1782 fuisse
1206 1733 1273 1782 ut
1296 1721 1575 1783 omnibus
1603 1723 1886 1800 perfectis
1908 1723 2137 1784 artibus
2167 1725 2332 1785 omni
2361 1724 2639 1785 doctrina

477 1807 788 1867 hominum
831 1805 945 1866 vita
986 1807 1345 1868 erudiretur.
1420 1806 1797 1877 Querebatur
1838 1807 2021 1886 igitur
2059 1826 2124 1869 se
2167 1817 2324 1878 tum,
2370 1827 2508 1870 cum
2538 1808 2637 1869 illa

476 1891 675 1952 videre
706 1891 1018 1968 coepisset,
1052 1891 1365 1970 exstingui.
1448 1889 1649 1962 Quid?
1680 1909 1753 1952 ex
1783 1893 1997 1953 ceteris
2024 1893 2394 1975 philosophis
2423 1913 2633 1955 nonne

479 1986 761 2056 optumus
791 1987 849 2035 et
879 1975 1275 2054 gravissumus
1305 1976 1558 2054 quisque
1588 1978 1908 2039 confitetur
1949 1979 2133 2038 multa
2160 1998 2225 2040 se
2266 1981 2545 2058 ignorare
2577 1989 2638 2040 et
2680 1987 2742 2038 20
2779 1980 2790 1995 ‘

478 2061 662 2122 multa
693 2061 804 2122 sibi
837 2061 1012 2121 etiam
1041 2071 1220 2140 atque
1249 2061 1425 2122 etiam
1455 2080 1583 2123 esse
1613 2060 1933 2141 discenda?
1990 2063 2197 2142 Neque
2226 2074 2425 2126 tamen
2443 2111 2460 2137 ,
2493 2083 2635 2125 cum

479 2167 544 2208 se
585 2147 648 2207 in
693 2146 883 2207 media
926 2147 1202 2219 stultitia,
1247 2165 1363 2225 qua
1405 2146 1552 2207 nihil
1594 2156 1686 2209 est
1723 2147 1925 2227 peius,
1977 2148 2221 2209 haerere
2263 2150 2636 2229 intellegant,

479 2231 850 2310 aegritudine
895 2242 1280 2311 premuntur3
1338 2232 1499 2292 nulla
1537 2232 1697 2292 enim
1740 2231 2096 2293 admiscetur
2138 2233 2340 2313 opinio
2384 2234 2638 2296 officiosi

478 2381 648 2419 neuen
671 2364 982 2417 Erkenntnis
1015 2381 1118 2417 von
1154 2365 1244 2417 der
1276 2365 1510 2432 Nichtig-

480 2434 590 2486 keit
636 2434 727 2486 der
771 2436 1021 2484 miseriae
1062 2433 1356 2486 beruhende
1402 2435 1508 2485 Ab·

479 2503 700 2568 hartung
714 2501 796 2554 od.
807 2500 1329 2568 Unempfindlichkeit
1339 2517 1508 2569 gegen

479 2571 744 2622 dieselben
780 2571 909 2623 sein.

549 2641 596 2692 2.
621 2640 981 2703 sapientiam·
1017 2638 1102 2690 die
1125 2637 1508 2690 vollkommene

478 2705 750 2770 Welshe1t‚
761 2705 960 2757 welche
970 2706 1141 2758 ausser
1154 2706 1255 2758 den
1266 2706 1508 2759 Stoikern

478 2774 717 2826 niemand
753 2774 958 2827 besitzt.

547 2846 595 2895 4.
641 2857 813 2906 neque
857 2847 1036 2891 tamen
1074 2842 1271 2904 lugent,
1308 2842 1413 2905 vgl.
1450 2841 1508 2893 11.

484 2911 565 2967 12.
589 2911 679 2961 28:
719 2909 850 2972 Quis
872 2911 1049 2973 igitur
1083 2909 1382 2973 Epicurum
1406 2916 1506 2964 cet.

553 2981 600 3028 5.
633 2979 826 3041 generi
857 2977 1000 3041 mal„
1035 2992 1076 3029 s.
1110 2992 1176 3028 zu
1208 2976 1266 3028 ll.
1293 2980 1341 3039 4,
1373 2980 1449 3031 10.

551 3049 600 3096 7.
647 3046 793 3110 quod
836 3046 1002 3108 idem,
1044 3044 1265 3103 namlich
1300 3051 1508 3096 rectum

482 3130 591 3163 esee
609 3140 676 3149 —
694 3127 856 3177 aegre
887 3112 1060 3177 ferre,
1107 3128 1344 3179 ungenau
1380 3119 1509 3165 statt

482 3197 643 3247 quam
677 3181 913 3233 eandem

563 3251 610 3301 8.
665 3249 870 3313 luctus,
922 3249 1017 3300 mit
1064 3247 1241 3314 Bezug
1288 3248 1382 3301 aus
1425 3250 1509 3313 26,

480 3317 640 3375 62ff.;
691 3333 827 3382 quae
863 3320 1102 3367 omnium
1137 3327 1266 3384 cet.‚
1309 3333 1351 3373 e.
1388 3333 1436 3369 z.
1469 3316 1509 3368 l.

482 3389 564 3440 25.
592 3389 682 3438 61:
723 3402 858 3449 quae
890 3388 1193 3449 investigat.

552 3456 602 3505 9.
636 3455 969 3517 Aristoteles,
1003 3468 1044 3504 s.
1080 3469 1145 3504 zu
1180 3452 1215 3503 1.
1252 3455 1302 3517 4,
1328 3456 1377 3506 7.

480 3589 516 3640 k
552 3526 631 3573 11.
649 3524 841 3586 paucis
858 3525 1031 3586 annis,
1056 3521 1277 3573 namlich
1297 3523 1394 3572 seit
1414 3519 1510 3581 So,-

518 3597 668 3641 rateS.

554 3660 633 3710 13.
665 3656 1074 3722 Theophrastus,
1098 3671 1140 3708 s.
1164 3671 1230 3707 zu
1252 3656 1287 3708 1.
1317 3659 1395 3718 19,
1419 3659 1504 3709 45.

481 3723 581 3776 Der
616 3726 699 3774 bei
742 3726 840 3775 den
875 3724 1244 3790 Anfsihrungen
1282 3725 1507 3778 leitende

483 3791 727 3844 Gedanke
770 3791 842 3842 ist
885 3793 977 3843 das
1010 3809 1179 3857 neque
1213 3797 1392 3844 tamen
1430 3796 1509 3844 lu·

477 3865 614 3924 gent
636 3861 693 3911 in
714 3860 824 3924 §68
850 3859 1172 3923 (wiederholt
1194 3861 1265 3913 im
1289 3865 1332 3914 1.
1354 3861 1508 3914 Satze

1609 2365 1703 2418 des
1740 2367 1772 2431 ς
1810 2370 1912 2432 70).

1682 2437 1764 2486 14.
1801 2438 1972 2485 cervis
2006 2441 2058 2486 et
2093 2439 2412 2488 cornicibus.
2486 2435 2642 2490 ovid.

1609 2500 1732 2552 Met.
1770 2500 1868 2553 Vll.
1909 2504 1970 2554 27
1977 2506 2029 2556 3:

1679 2570 1736 2622 V
1729 2574 2001 2637 ivacisque
2031 2573 2186 2622 iecur
2231 2575 2399 2635 cerei,
2446 2573 2647 2637 quibus

2015 2641 2239 2705 insuper
2271 2640 2426 2691 addit

1694 2705 1803 2755 Ora
1855 2713 2118 2772 caputque
2164 2724 2351 2759 novem
2402 2711 2645 2759 cornicis

2017 2778 2231 2828 saecula
2261 2793 2467 2843 passae.

1609 2839 1727 2906 Vgl.
1763 2841 1965 2893 auchl.
2002 2845 2085 2907 31,
2113 2848 2193 2896 77.

1682 2912 1761 2962 18.
1790 2910 2155 2996 Querebatur,
2172 2912 2300 2964 nach
2331 2910 2472 2971 Dion.
2497 2909 2553 2961 L.
2574 2908 2643 2963 V.

1611 2980 1703 3029 41.
1716 2972 1940 3061 “Ημεῖς,
1987 2973 2155 3031 ὁπότ’
2195 2975 2484 3047 ἀρχόμεθα
2518 2977 2641 3042 ζῆν,

1609 3041 1731 3096 τότ’
1770 3044 2216 3114 ἀποθνήσκομεν.

1680 3114 1762 3165 21.
1808 3116 1974 3165 etiam
2008 3120 2167 3182 atque
2200 3118 2389 3179 etiam,
2425 3113 2644 3179 cigenti.

1611 3181 1804 3232 wieder
1847 3184 1951 3233 und
2003 3183 2180 3236 immet
2223 3183 2444 3243 wieder,
2498 3181 2548 3233 d.
2586 3181 2642 3233 h.

1610 3249 2081 3307 ununterbrochen.
2134 3268 2191 3303 es
2237 3252 2471 3303 versteht
2522 3249 2641 3301 sich

1607 3332 1713 3367 von
1749 3316 1938 3382 selbst‚
1982 3320 2094 3372 dass
2125 3320 2267 3372 nicht
2302 3320 2484 3371 immet
2518 3316 2642 3370 das-

1611 3383 1756 3436 selbe
1791 3386 1991 3451 gelerut
2024 3387 2227 3439 werden
2265 3388 2384 3439 soll.

1670 3454 1753 3505 22.
1766 3454 2096 3519 intellegant.
2131 3455 2174 3508 N
2178 3456 2273 3507 ach
2290 3458 2513 3521 quisque
2528 3453 2643 3505 und

1611 3528 1861 3586 uterque,
1904 3523 2005 3574 wie
2052 3525 2180 3576 nach
2219 3523 2396 3576 Subst.
2430 3521 2641 3575 collect.

1611 3588 1715 3654 (lv,
1729 3593 1778 3653 3,
1792 3592 1824 3642 6
1845 3592 2153 3654 multitudo)
2174 3592 2298 3658 geht
2311 3593 2440 3643 auch
2455 3591 2642 3643 Cicero

1607 3659 1679 3710 im
1715 3658 2067 3722 folgenden
2104 3659 2258 3712 Satze
2293 3661 2435 3713 nicht
2466 3659 2644 3710 selten

1608 3728 1662 3776 in
1699 3726 1795 3778 den
1830 3725 2002 3777 Plural
2036 3729 2179 3780 uber.

1679 3796 1760 3846 23.
1786 3792 2023 3855 officiosi
2055 3796 2275 3858 doloris,
2310 3796 2411 3846 wie
2447 3811 2499 3862 p.
2525 3793 2645 3848 Mil.

1611 3860 2051 3926 5‚12:officiost
2084 3864 2308 3916 labores.
