2834 4317
374 1104 409 1157 1

1207 756 1441 819 LIBER
1486 757 1839 828 QUINTUS.

501 889 846 943 VIRTUTEM
879 890 967 944 AD
1005 890 1221 943 BEATE
1258 889 1606 943 VIVENDUM
1644 890 1722 943 SE
1758 888 1906 942 1PSA
1943 888 2104 942 ESSE
2141 888 2573 943 CONTENTAM.

624 1113 881 1185 Quintus
908 1115 1008 1177 hic
1039 1114 1192 1187 dies,
1228 1114 1443 1187 Brute,
1487 1115 1667 1174 finem
1699 1112 1873 1174 faciet
1901 1110 2372 1175 Tusculanarum
2402 1113 2610 1194 dispu-

365 1182 408 1233 '1
453 1201 775 1275 tationum,
821 1219 940 1280 quo
984 1200 1076 1261 die
1119 1209 1208 1261 est
1250 1218 1283 1260 a
1331 1198 1508 1260 nohis
1550 1216 1616 1259 ea
1662 1198 1733 1259 de
1764 1215 1862 1270 re,
1910 1216 2085 1275 quam
2114 1207 2179 1260 tu
2225 1218 2297 1260 ex
2325 1200 2610 1261 omnihus

453 1286 705 1346 maxime
735 1285 973 1364 prohaS,
1005 1284 1384 1365 disputatum.
1438 1283 1678 1344 Placere
1703 1284 1861 1343 enim
1883 1282 1990 1343 tibi
2014 1283 2329 1345 admodum
2358 1285 2514 1346 sensi
2549 1293 2612 1345 et

456 1389 527 1431 ex
558 1389 627 1431 eo
657 1369 844 1445 lihro,
889 1388 1068 1449 quem
1110 1370 1182 1431 ad
1223 1388 1319 1430 me
1362 1368 1799 1431 accuratissime
1841 1368 2155 1447 scripsisti,
2204 1378 2263 1433 et
2303 1388 2376 1430 ex
2404 1370 2608 1431 multis

454 1455 830 1518 sermonibus
859 1456 976 1517 tuis
1017 1456 1296 1516 virtutem
1339 1454 1409 1516 ad
1440 1454 1610 1516 beate
1652 1454 1968 1526 vivendum
2009 1472 2073 1515 se
2115 1454 2242 1534 ipsa
2287 1473 2415 1516 esse
2457 1473 2608 1516 con-

454 1549 698 1602 tentam.
760 1540 932 1612 Quod
963 1541 1074 1602 etsi
1105 1539 1342 1602 difficile
1373 1548 1463 1601 est
1501 1538 1756 1619 prohatu
1787 1545 2035 1618 propter
2062 1547 2181 1600 tam
2210 1540 2369 1600 varia
2400 1547 2458 1600 et
2484 1548 2608 1600 tam

453 1626 639 1687 multa
665 1632 964 1686 tormenta
985 1627 1281 1699 fortunae,
1310 1625 1426 1686 tale
1453 1632 1652 1685 tamen
1676 1632 1783 1699 est,
1814 1631 1880 1685 ut
1909 1623 2328 1686 elaborandum
2360 1624 2454 1698 sit,
2487 1644 2609 1703 quo

456 1711 682 1772 facilius
709 1709 1030 1790 probetur;
1075 1710 1223 1794 nihil
1268 1721 1357 1772 est
1399 1710 1558 1772 enim
1592 1709 1889 1782 omnium,
1933 1728 2084 1788 quae
2130 1711 2192 1770 in
2235 1709 2612 1789 philosophia

454 1803 816 1869 tractantur,
862 1795 1019 1874 quod
1060 1795 1292 1875 gravius
1330 1794 1925 1873 magnificentiusque
1966 1794 2211 1856 dicatur.
2281 1795 2428 1855 Nam
2471 1813 2607 1856 cum

458 1898 523 1941 ea
568 1898 743 1942 causa
784 1880 1085 1960 impulerit
1129 1899 1263 1955 eoS,
1317 1880 1418 1958 qui
1461 1879 1640 1959 primi
1676 1898 1741 1941 se
1781 1879 1854 1939 ad
1896 1879 2305 1960 philosophiae
2346 1880 2611 1941 studium

456 1964 871 2037 contulerunt,
915 1973 983 2026 ut
1024 1963 1305 2027 omnibus
1345 1964 1528 2026 rebus
1569 1962 1917 2044 posthabitis
1957 1972 2113 2026 totos
2158 1983 2222 2027 se
2266 1966 2324 2026 in
2361 1975 2610 2045 optumo

454 2049 604 2111 vitae
642 2057 797 2111 statu
827 2050 1192 2129 exquirendo
1237 2049 1653 2124 conlocarent,
1699 2051 1968 2129 profecto
2011 2069 2117 2130 spe
2160 2050 2330 2111 beate
2374 2050 2609 2112 vivendi

454 2144 680 2196 tantam
717 2135 779 2196 in
810 2154 880 2196 eo
912 2136 1106 2197 studio
1129 2154 1333 2198 curam
1364 2153 1726 2215 operamque
1756 2143 2106 2214 posuerunt.
2160 2134 2330 2206 Quod
2353 2135 2403 2197 si
2432 2134 2507 2196 ab
2538 2135 2612 2198 iis

526 2307 571 2357 1.
608 2302 843 2367 Quintus
876 2303 963 2353 hic
986 2303 1116 2355 dies.
1165 2295 1310 2356 ‘Dies
1334 2302 1480 2356 Buch

455 2371 525 2422 ist
574 2371 657 2423 bei
693 2371 899 2423 weitem
948 2370 1039 2422 das
1075 2370 1349 2434 schonste,
1397 2386 1482 2423 so-

455 2438 597 2491 wohl
633 2454 743 2490 was
779 2436 861 2491 die
888 2438 1110 2504 Sachen,
1146 2439 1221 2491 als
1249 2454 1360 2491 was
1396 2438 1482 2491 die

453 2506 782 2573 Darstellung
823 2505 1043 2569 betrifft;
1091 2521 1148 2559 es
1184 2507 1386 2560 scheint
1422 2522 1480 2560 so

460 2576 512 2626 in
556 2575 721 2627 einem
770 2574 909 2641 Zuge
956 2576 1101 2628 recht
1147 2591 1247 2627 con
1299 2591 1483 2627 amore

457 2635 822 2709 geschrieben'.
861 2643 915 2695 F.
940 2644 1001 2696 Α.
1025 2643 1181 2695 Wolf.

523 2711 685 2774 finem
708 2710 880 2773 faciet
911 2712 1005 2763 mit
1029 2710 1076 2763 d.
1103 2710 1299 2776 Genet,
1341 2711 1478 2764 s.111.

458 2780 542 2845 22,
569 2781 634 2831 54
658 2794 723 2831 zu
758 2778 1084 2830 calamitatis
1114 2784 1427 2845 praesentis.

525 2849 575 2898 4.
625 2862 694 2896 ex
733 2863 793 2897 eo
829 2847 991 2912 libro,
1036 2862 1109 2899 sc.
1156 2847 1220 2897 de
1269 2849 1482 2901 Virtute

457 2916 519 2978 (S.
557 2913 620 2965 de
644 2912 732 2966 fin.
757 2914 792 2966 1.
830 2915 880 2977 3,
918 2916 985 2980 8).
1054 2913 1244 2967 Brutus
1287 2915 1481 2968 schlots

458 2980 570 3032 sich
617 2980 707 3033 der
756 2981 892 3034 alten
934 2981 1245 3048 Akademie‚
1292 2983 1344 3035 in
1391 2982 1484 3035 der

458 3046 621 3099 Moral
647 3050 768 3101 aber
792 3049 882 3101 der
901 3050 1025 3102 Stoa
1053 3066 1134 3116 an,
1156 3050 1260 3103 und
1280 3051 1482 3104 schrieh

461 3116 592 3169 auch
628 3116 692 3167 de
727 3116 929 3180 officiis
964 3118 1066 3171 und
1103 3120 1168 3170 de
1198 3122 1485 3186 patientia.

459 3183 672 3245 Quintil.
705 3183 769 3251 X,
809 3189 856 3251 1,
890 3188 1015 3239 123:
1052 3188 1324 3255 Egregius
1357 3204 1484 3240 vero

456 3253 807 3321 philosophus
822 3245 1096 3322 mutto'que
1113 3273 1270 3323 quam
1285 3261 1344 3308 in
1365 3273 1486 3308 ora-

460 3325 700 3374 tionibus
732 3327 1102 3389 praestantior
1135 3326 1337 3377 Brutus
1370 3322 1487 3385 sus*-

459 3391 591 3452 f'eeit
625 3391 861 3457 ponderi
905 3407 1118 3456 rerum,·
1168 3396 1311 3444 scias
1365 3408 1485 3444 eum

459 3463 675 3524 sentire,
713 3475 848 3526 quae
887 3460 1038 3511 dicit.

530 3543 682 3592 quem
718 3528 790 3578 ad
821 3543 905 3578 me
930 3529 1329 3579 accuratissime
1350 3531 1483 3578 scri-

457 3597 613 3660 psisti
633 3620 702 3640 ==
726 3610 880 3661 quem
918 3597 1316 3647 accuratissime
1349 3597 1483 3646 scri-

451 3666 611 3727 ptum
646 3662 719 3712 ad
750 3678 834 3712 me
867 3666 1077 3715 misisti.
1113 3662 1229 3728 Vgl.
1258 3661 1394 3715 Lael.
1436 3667 1484 3729 1,

461 3732 521 3781 4:
559 3731 619 3779 in
654 3729 853 3781 Catone
875 3729 1099 3796 Maiore,
1135 3733 1231 3796 qui
1254 3736 1333 3781 est
1351 3735 1485 3783 scri·-

455 3801 585 3862 ptus
608 3797 681 3848 ad
715 3802 763 3847 te
799 3798 862 3848 de
895 3801 1177 3853 senectute.

1572 2329 1576 2335 ·
1651 2302 1833 2353 multis
1866 2303 2198 2353 sermonibus
2233 2304 2357 2366 tuiS,
2398 2317 2439 2355 s,
2465 2302 2500 2355 1.
2524 2305 2613 2368 46,
2649 2374 2659 2383 .

1588 2373 1680 2424 111
1722 2386 1785 2422 zu
1821 2371 1926 2421 duo
1961 2386 2085 2421 suos
2118 2370 2277 2432 filios·

1654 2441 1699 2491 8.
1737 2440 1880 2490 nihil
1914 2443 2070 2496 este.
2097 2453 2162 2502 o.,
2198 2468 2264 2476 —
2300 2438 2446 2504 quod
2473 2454 2611 2501 gra-

1584 2508 1702 2557 vius
1724 2507 2267 2572 magnificentiusque
2301 2507 2518 2557 dicatur
2540 2530 2610 2549 =

1582 2576 1726 2626 nihil
1758 2579 1835 2624 est
1867 2591 1911 2626 e.
1937 2591 1984 2630 ο.
2010 2604 2075 2612 -
2096 2577 2326 2639 gravius
2350 2579 2401 2625 et
2424 2590 2609 2640 magn.

1584 2643 1731 2708 quod
1746 2643 1980 2708 dicatur,
1997 2643 2101 2709 vgl.
2129 2647 2177 2707 7,
2198 2645 2285 2695 19:
2308 2642 2444 2694 Cave
2469 2645 2611 2693 enim

1575 2714 1734 2775 putes
1768 2714 1865 2762 cet.
1933 2710 2003 2762 lm
2049 2710 2324 2795 folgenden
2360 2710 2491 2763 wird
2544 2728 2610 2762 ea

1585 2794 1746 2830 causa
1784 2770 1920 2830 ‘dies
1968 2778 2129 2831 Motiv
2204 2778 2398 2831 seinem
2441 2778 2612 2831 Inhalt

1583 2847 1711 2898 nach
1767 2846 1925 2898 naher
1976 2846 2239 2899 bestimmt
2291 2847 2452 2899 durch
2507 2847 2610 2900 den

1585 2914 1862 2981 allerdings
1897 2929 2001 2965 von
2040 2916 2317 2982 impulerit
2350 2916 2612 2983 abhfingig

1585 2982 1887 3049 gemachten
1915 2981 2035 3034 Satz
2071 2988 2135 3033 ut
2153 3012 2222 3021 —
2247 2984 2613 3049 conlocarent,

1586 3050 1831 3103 wahrend
1876 3049 1966 3102 der
2009 3050 2610 3103 Gedankenzusammen-

1588 3118 1726 3185 hang
1777 3118 2027 3171 vielmehr
2077 3120 2159 3170 die
2203 3118 2474 3184 Wendung
2530 3134 2612 3170 er-

1587 3193 1784 3238 warten
1811 3186 1954 3239 liess:
1995 3202 2112 3237 cum
2148 3203 2211 3237 ea
2247 3202 2425 3251 causa,
2462 3188 2613 3250 quod

1588 3258 1843 3321 optimum
1890 3257 2036 3305 vitae
2080 3260 2280 3305 statum
2320 3256 2613 3321 exquirere

1585 3323 1884 3388 voluerunt,
1923 3340 2027 3389 eos,
2063 3326 2160 3389 qui
2190 3325 2359 3388 primi
2393 3352 2453 3360 —
2482 3339 2609 3374 con-

1586 3391 1840 3454 tulerunt,
1874 3393 1948 3442 ad
1970 3391 2391 3456 amplectendum
2412 3390 2477 3441 id
2494 3398 2610 3442 stu-

1584 3460 1732 3510 dium
1783 3459 2076 3525 impulerit.
2144 3457 2235 3510 Die
2283 3458 2461 3510 Worte
2512 3475 2609 3525 spe

1586 3529 1732 3578 beate
1765 3528 1983 3578 vivendi
2010 3525 2265 3579 bedenten
2289 3542 2348 3578 so
2372 3526 2475 3578 viel
2502 3527 2606 3579 als:

1582 3610 1671 3661 cpe
1688 3611 1797 3647 non
1819 3594 2028 3657 frustra
2054 3611 2107 3646 se
2131 3610 2347 3661 operam
2365 3594 2610 3662 daturos,

1583 3664 1676 3713 sed
1710 3664 1931 3729 adsequi
1978 3666 2238 3730 optimum
2270 3663 2427 3714 illum
2462 3666 2610 3714 vitae

1582 3735 1784 3782 statum
1817 3731 1871 3796 (i.
1898 3747 1943 3783 e.
1980 3733 2188 3783 beatam
2213 3734 2402 3794 vitam)
2429 3747 2609 3797 posse,

1585 3798 1689 3849 und
1725 3798 1807 3850 die
1836 3798 1993 3851 durch
2017 3798 2160 3851 Nam
2194 3798 2484 3865 eigeleitete
2510 3798 2608 3852 Be-
