2834 4317
374 711 429 759 57

474 184 558 241 64

1239 182 1427 234 Lmen
1461 182 1499 236 1.
1538 184 1622 248 24,
1659 184 1741 235 56.
1779 186 1861 236 57.

474 377 636 420 mum
667 358 861 438 ipsum
892 391 977 402 —
1007 356 1059 421 si
1090 355 1237 417 nihil
1260 365 1415 417 esset
1447 356 1506 416 in
1542 372 1612 415 eo
1647 354 1761 416 nisi
1789 355 1867 431 id,
1898 365 1966 417 ut
1987 375 2094 436 per
2118 374 2253 417 eum
2285 355 2632 425 viveremus,

473 451 594 504 tam
626 453 835 503 natura
878 453 1150 523 putarem
1179 441 1440 502 hominis
1483 441 1656 502 vitam
1687 442 2010 502 sustentari
2054 460 2229 520 quam
2260 441 2412 515 vitis,
2458 460 2635 519 quam

476 528 741 603 arboris;
786 528 933 589 haec
966 528 1125 588 enim
1156 528 1332 588 etiam
1366 526 1615 588 dicimus
1644 526 1852 587 vivere.
1914 527 2085 600 Item,
2132 527 2181 589 si
2213 526 2360 588 nihil
2388 526 2636 589 haberet

479 614 711 674 animus
743 613 1000 674 hominis
1033 611 1146 674 nisi
1177 621 1244 673 ut
1273 621 1584 692 appeteret
1612 621 1715 673 aut
1742 613 1993 690 fugeret,
2039 611 2096 672 id
2128 630 2368 693 quoque
2399 623 2554 674 esset
2582 614 2636 675 ei

475 717 798 760 commune
829 717 964 759 cum
995 696 1218 758 bestiis.
1281 696 1476 758 Habet
1518 697 1777 777 primum
1808 697 2152 758 memoriam
2186 705 2245 758 et
2275 715 2402 758 eam
2432 698 2636 760 infini-
2679 708 2707 756 5

474 792 591 845 tam
625 801 827 844 rerum
872 782 1413 856 innumerabilium,
1461 800 1636 860 quam
1682 782 1919 860 quidem
1952 782 2116 843 Plato
2160 783 2635 845 recordationem

476 888 605 931 esse
635 869 758 929 volt
788 869 934 930 vitae
965 868 1307 947 superioris,
1367 868 1513 928 Nam
1558 868 1620 928 in
1653 866 1754 928 illo
1785 867 1958 942 libro,
2006 868 2110 946 qui
2139 867 2486 930 inscribitur
2515 869 2637 930 Me-

478 973 621 1024 non,
654 954 968 1033 pusionem
994 954 1289 1033 quendam
1317 953 1592 1015 Socrates
1615 952 1944 1032 interrogat
1968 953 2253 1031 quaedam
2278 955 2636 1031 geometrica

475 1038 548 1099 de
580 1038 952 1100 dimensione
984 1038 1277 1118 quadrati.
1351 1038 1442 1098 Ad
1487 1057 1556 1098 ea
1600 1038 1685 1099 sic
1728 1038 1826 1098 ille
1870 1038 2212 1118 respondet,
2258 1048 2325 1099 ut
2366 1058 2533 1120 puer,
2579 1050 2639 1100 et

475 1134 675 1185 tamen
708 1125 784 1185 ita
833 1124 1031 1185 faciles
1074 1124 1576 1203 interrogationes
1620 1132 1781 1197 sunt,
1827 1131 1894 1184 ut
1937 1123 2224 1202 gradatim
2267 1125 2640 1204 respondens
2683 1134 2736 1184 10

478 1209 686 1271 eodem
716 1210 1043 1290 perveniat,
1075 1228 1196 1288 quo
1227 1209 1274 1271 si
1307 1209 1667 1288 geometrica
1698 1206 2016 1270 didicisset.
2063 1208 2150 1269 Ex
2185 1228 2302 1288 quo
2334 1210 2488 1270 effici
2518 1209 2641 1270 volt

479 1295 774 1369 Socrates,
820 1304 885 1356 ut
928 1294 1156 1357 discere
1201 1294 1346 1355 nihil
1392 1295 1550 1356 aliud
1582 1293 1658 1356 sit
1688 1293 1802 1355 nisi
1834 1294 2155 1355 recordari.
2218 1294 2406 1365 Quem
2436 1295 2637 1356 locum

477 1381 666 1441 multo
700 1381 875 1442 etiam
906 1381 1242 1442 accuratius
1286 1380 1542 1459 explicat
1583 1380 1644 1440 in
1678 1398 1750 1441 eo
1781 1398 2077 1452 sermone,
2122 1397 2301 1458 quem
2333 1380 2539 1442 habuit
2565 1399 2636 1440 eo

478 1465 608 1543 ipso
640 1466 756 1539 die,
804 1485 921 1545 quo
956 1466 1206 1527 excessit
1235 1485 1267 1525 e
1298 1465 1448 1541 vita;
1495 1467 1670 1527 docet
1700 1466 1859 1526 enim
1890 1465 2177 1544 quemvis,
2221 1465 2323 1543 qui
2369 1465 2636 1526 omnium

477 1568 679 1610 rerum
694 1549 859 1611 rudis
889 1568 1018 1611 esse
1041 1550 1324 1623 videatur,
1356 1550 1514 1610 bene
1535 1551 1931 1630 interroganti
1954 1548 2413 1631 respondentem
2442 1550 2638 1612 decla·
2683 1561 2736 1610 15

546 1752 786 1800 animum
815 1751 993 1816 ipsum
1028 1754 1125 1802 cet.
1194 1749 1315 1802 Hier
1359 1750 1508 1802 lenkt

478 1817 654 1869 Cicero
715 1818 861 1882 (oder
921 1818 1031 1869 sein
1083 1816 1507 1882 Gewiihrsmann)

477 1900 581 1936 von
625 1884 725 1936 den
764 1885 1127 1951 Thatigkeiten
1178 1885 1269 1938 des
1305 1885 1508 1938 Geistes

477 1952 672 2005 wieder
709 1969 773 2006 zu
810 1953 1005 2005 diesem
1041 1955 1206 2006 selbst
1239 1954 1348 2016 ein,
1379 1958 1508 2006 statt

477 2021 604 2072 aber
636 2021 734 2073 den
773 2021 1133 2074 Platonischen
1170 2021 1374 2074 Beweis
1413 2023 1509 2073 mit

477 2088 579 2140 den
604 2089 818 2142 Worten
842 2104 907 2141 zu
932 2089 1231 2142 schliel'sen:
1268 2093 1509 2141 animum

477 2161 655 2224 ipsum
706 2174 817 2209 non
866 2174 1083 2224 possum
1136 2159 1315 2211 dicere
1367 2159 1512 2210 unde

478 2232 760 2277 concretus
800 2230 896 2291 sit,
952 2242 1081 2293 ergo
1129 2230 1354 2278 interire
1399 2243 1513 2278 non

472 2300 681 2361 potest,
717 2295 945 2347 erinnert
979 2310 1034 2347 er
1070 2295 1198 2360 sich,
1232 2294 1513 2347 veranlafet

478 2363 638 2415 durch
673 2362 770 2415 den
807 2362 1086 2416 Gedanken
1122 2379 1186 2415 an
1222 2363 1306 2415 die
1342 2363 1513 2416 hohen

477 2430 716 2498 Vorziige
752 2431 845 2484 des
882 2430 1356 2497 Menschengeistes
1393 2430 1516 2496 (illa

480 2500 697 2551 tandem
733 2539 746 2553 .
768 2539 781 2553 .
803 2540 816 2553 .
854 2501 1040 2552 divina
1076 2501 1390 2567 quaedam),
1426 2499 1517 2551 der

480 2569 741 2620 stoischen
779 2568 1076 2634 Einteilung
1118 2568 1208 2620 der
1243 2568 1405 2634 Dinge
1458 2568 1512 2619 in

477 2637 880 2701 unorganische,
929 2639 1091 2689 sowie
1143 2636 1196 2687 in
1250 2635 1514 2700 Pflanzen,

479 2701 630 2754 Tiere
682 2702 787 2754 und
844 2703 1149 2768 Menschen,
1205 2703 1373 2757 denen
1435 2703 1512 2756 als

479 2770 968 2823 unterscheidendes
996 2771 1245 2824 Merkmal
1271 2773 1354 2825 die
1377 2769 1509 2842 ψιλὴ

481 2835 591 2897 ἕξις
625 2839 789 2889 sowie
827 2837 908 2890 die
937 2843 1096 2907 φύσις
1126 2843 1390 2906 (natura),
1426 2842 1510 2893 die

480 2908 624 2972 ψυχὴ
665 2901 882 2974 ἄλογος,
930 2906 1128 2958 welche
1175 2907 1285 2959 sich
1331 2911 1382 2959 in
1420 2909 1511 2960 der

482 2975 622 3041 ὁρμὴ
662 2976 950 3039 (appetere)
990 2975 1093 3026 und
1141 2976 1362 3045 ἀφορμὴ
1398 2976 1513 3042 (fu-

473 3046 626 3106 gere)
671 3042 900 3107 inuisere,
953 3042 1058 3094 und
1106 3042 1188 3096 die
1236 3048 1380 3112 ψυχὴ

477 3112 601 3229 {3:2²³
642 3108 1511 3248 {mraarassaffltt

480 3245 876 3299 anakoluthisch
902 3262 964 3298 zu
995 3246 1111 3299 dem
1147 3250 1509 3316 urspriinglich

479 3313 889 3381 beabsichtigten
930 3314 1164 3368 Beweise
1199 3318 1342 3370 iiber.

549 3384 597 3434 2.
655 3387 858 3436 natura
914 3377 1093 3436 ‘durch
1163 3385 1278 3437 eine
1336 3386 1508 3439 blosse

476 3444 820 3516 Naturkraft',
843 3451 1043 3505 welche
1078 3451 1214 3504 dann
1249 3452 1338 3505 der
1364 3453 1506 3507 Geist

475 3517 641 3569 selbst
678 3519 835 3572 wiire.

544 3589 592 3639 3.
630 3588 759 3636 haec
782 3591 939 3652 enim,
977 3588 1057 3640 fur
1081 3590 1178 3640 lias
1200 3591 1358 3655 enim,
1393 3606 1506 3643 ver-

476 3653 830 3718 allgemeinert
867 3656 958 3708 das
993 3656 1239 3721 Gesagtez
1292 3657 1507 3724 derglei·

477 3723 605 3773 chen
643 3721 822 3788 Dinge.
894 3723 1012 3790 Vgl.
1037 3724 1092 3776 11.
1118 3727 1169 3792 3,
1194 3728 1224 3779 8
1259 3727 1383 3788 illa3
1424 3729 1505 3790 26,

476 3792 544 3843 62
581 3806 631 3843 u.
666 3790 748 3842 111.
783 3795 843 3856 4,
880 3796 909 3845 “1
957 3796 1103 3845 haec.
1139 3822 1207 3832 —
1242 3797 1403 3848 etiam
1438 3818 1506 3839 -ι

475 3861 596 3925 ipsa
631 3874 856 3926 quoque,
893 3861 995 3914 wie
1031 3862 1208 3916 (ittera.

1680 1754 1726 1803 5.
1775 1750 1946 1801 Habet
1983 1754 2238 1817 primum.
2309 1749 2400 1802 Die
2446 1749 2643 1803 Adver-

1612 1817 1972 1886 sativpartikel
2008 1819 2136 1872 wird
2161 1818 2318 1871 durch
2355 1818 2448 1870 das
2471 1821 2643 1887 Asyn-

1610 1886 1768 1939 deton
1803 1891 2008 1939 ersetzt.
2078 1886 2202 1940 Dein
2245 1890 2483 1952 primum
2533 1892 2645 1939 ent-

1611 1954 1807 2020 spricht
1842 1959 1946 2006 erst
1992 1957 2079 2020 25,
2102 1958 2164 2009 61
2206 1956 2383 2020 Quid?
2424 1955 2527 2006 illa
2563 1958 2646 2005 vis

1611 2026 1710 2075 cet.
1779 2021 1899 2088 Vgl.
1945 2022 2081 2074 oben
2130 2026 2212 2089 13,
2235 2027 2318 2077 30.
2388 2010 2646 2090 fibrigens

1610 2091 1843 2143 versteht
1877 2089 1987 2141 hier
2011 2090 2114 2143 Cic.
2148 2095 2297 2143 unter
2331 2089 2424 2143 der
2447 2107 2643 2144 memo-

1613 2162 1701 2210 ria
1745 2157 1994 2210 zuniichst
2040 2157 2124 2210 die
2170 2160 2507 2225 ἀνάμνησις,
2554 2159 2647 2212 mit

1615 2226 1842 2279 welcher
1875 2224 2026 2279 Plato
2070 2227 2154 2279 die
2187 2226 2512 2294 Erinnerung
2558 2229 2648 2281 des

1616 2295 1819 2348 Geistes
1856 2310 1920 2346 an
1956 2293 2039 2347 die
2075 2311 2169 2347 vor
2204 2294 2397 2347 seinem
2435 2294 2648 2349 Eintritt

1615 2364 1670 2415 in
1722 2362 1824 2415 den
1877 2363 2257 2416 menschlichen
2306 2362 2509 2429 Kfirper
2560 2379 2645 2431 ge-

1618 2431 1870 2484 schauten
1903 2430 2059 2483 ldeen
2097 2431 2411 2485 bezeichnet.

1692 2502 1741 2553 9.
1777 2505 1831 2550 et
1866 2504 2043 2550 tamen
2077 2503 2155 2552 ita
2189 2498 2382 2562 faciles
2405 2505 2508 2554 cet.
2552 2501 2650 2553 Ta-

1614 2584 1734 2620 men
1770 2566 1955 2633 gehfirt
1988 2567 2188 2634 logisch
2232 2584 2297 2619 zu
2330 2572 2394 2619 ιιι
2427 2597 2498 2607 —
2529 2586 2650 2636 per-

1613 2640 1812 2701 veniat,
1848 2635 1911 2687 da
1948 2635 2066 2687 dem
2101 2636 2238 2688 Veri.
2274 2636 2364 2689 der
2399 2635 2648 2689 Gedanke

1612 2703 1975 2757 vorschwebte
2000 2709 2268 2769 ettamen,
2301 2709 2429 2770 quia
2453 2704 2648 2766 faciles

1611 2775 2069 2837 interrogationes
2101 2778 2244 2838 sunt,
2273 2773 2557 2838 gradatim
2579 2800 2649 2811 —

1607 2844 1871 2906 pervenit.
1941 2839 2107 2893 Damit
2141 2841 2501 2907 widerspricht
2535 2841 2646 2892 sich

1614 2910 1738 2961 aber
1761 2909 1884 2973 Cic„
1919 2907 2090 2961 indem
2126 2924 2183 2961 er
2216 2909 2300 2961 die
2335 2912 2645 2961 Antworten

1614 2977 1708 3030 des
1733 2976 1945 3028 Knahen
1984 2977 2125 3029 nicht
2160 2993 2252 3030 aus
2288 2977 2377 3029 der
2401 2978 2646 3045 ἀνάμνη-

1493 3073 1512 3086 -
1616 3063 1726 3111 em,
1771 3045 1994 3098 sondern
2040 3062 2132 3098 aus
2179 3046 2268 3097 der
2301 3044 2645 3127 Leichtigkeit

1613 3115 1704 3165 der
1744 3114 1943 3179 Fragen
1996 3114 2225 3167 ableitet.
2269 3142 2336 3152 —
2381 3114 2643 3165 dimensio

1614 3182 1724 3235 bez.
1761 3182 1866 3234 fast
1909 3182 2089 3235 immet
2133 3183 2216 3235 die
2251 3179 2644 3247 Thatigkeit

1610 3250 1702 3302 des
1738 3250 1996 3303 dimetiri.

1683 3321 1763 3371 11.
1793 3321 2151 3384 geometrica,
2186 3334 2230 3370 s.
2266 3335 2312 3372 z.
2348 3316 2411 3368 V.
2440 3318 2525 3382 22,
2550 3319 2642 3369 63:

1606 3389 1952 3438 musicorum.
2033 3387 2106 3438 Zu
2150 3384 2302 3450 effici
2342 3393 2406 3439 ιιι
2448 3385 2555 3451 vgl.
2594 3389 2642 3451 8,

1614 3457 1704 3508 16:
1739 3458 1805 3505 ιιι
1835 3482 1906 3492 -
1937 3458 2027 3506 eit.

1683 3525 1763 3576 12.
1798 3524 1908 3573 nisi
1942 3523 2242 3578 reeordari.
2278 3521 2409 3574 Plat.
2435 3520 2640 3574 Menon.

1610 3608 1661 3659 p.
1681 3592 1762 3644 82.
1790 3589 1908 3657 Vgl.
1934 3591 2064 3642 auch
2089 3590 2158 3643 id.
2184 3590 2367 3642 Phiidr.
2394 3607 2446 3658 p.
2468 3592 2570 3643 249
2596 3606 2640 3642 c.

1610 3660 1714 3710 und
1740 3659 1844 3710 Cic.
1872 3659 1981 3711 Cat.
2007 3657 2076 3713 Μ.
2106 3662 2188 3724 21,
2213 3662 2295 3712 78.
2332 3686 2401 3700 -
2437 3660 2640 3710 locum:

1610 3726 1957 3793 Gegenstand‚
1992 3725 2209 3779 Thema.

1682 3799 1762 3850 13.
1797 3798 1857 3846 in
1880 3812 1941 3847 eo
1964 3811 2232 3859 sermone,
2268 3794 2399 3848 Plat.
2424 3793 2640 3846 Phiidon

1608 3880 1658 3932 p.
1687 3866 1751 3916 72
1771 3878 1818 3918 e.
