2834 4317
462 180 542 240 66
1233 178 1425 232 LIBER
1457 179 1544 232 IV.
1580 182 1630 245 9,
1649 181 1731 232 20.
1751 182 1833 232 21.

644 351 789 415 Tam
811 369 1003 433 pavor
1029 352 1374 433 sapientiam
1403 369 1629 413 omnem
1655 354 1743 412 mi
1770 351 2116 412 emanimato
2146 350 2491 430 empe'ctorat,

460 440 950 499 emanimationem
990 447 1216 498 metum
1257 436 1723 515 subsequentem
1768 445 1828 496 et
1862 435 2029 514 quasi
2061 434 2337 495 comitem
2366 435 2623 514 pavoris,

460 522 958 585 conturbationem
986 531 1213 583 metum
1245 521 1641 583 excutientem
1675 519 1949 600 cogitata,
1991 520 2366 599 formidinem
2395 528 2622 581 metum

463 614 939 687 permanentem.

437 704 442 709 ’
642 690 967 771 Voluptatis
1009 696 1206 750 autem
1252 689 1439 770 partis
1483 690 1598 750 hoc
1641 689 1819 750 modo
1863 687 2241 763 describunt,
2283 698 2351 749 ut
2376 688 2625 751 malivo-
2669 698 2700 747 5

358 752 419 803 ²⁰
461 777 641 839 lentio
673 776 750 837 sit
796 774 1066 854 voluptas
1110 793 1182 835 ex
1223 774 1380 835 malo
1432 774 1674 836 alterius
1716 773 1847 835 sine
1895 773 2300 834 emolumento
2344 792 2486 845 suo,
2528 774 2628 834 de—

462 862 685 924 lectatio
730 858 1004 939 voluptas
1047 859 1329 920 suavitate
1387 857 1622 920 auditus
1659 858 1923 920 animum
1968 858 2306 933 deleniens‚
2350 866 2410 919 et
2438 857 2626 937 qualis

464 953 556 1007 est
593 946 740 1005 haec
782 943 1045 1018 aurium,
1089 943 1236 1006 tales
1266 951 1406 1005 sunt
1449 951 1510 1005 et
1539 944 1849 1004 oculorum
1880 950 1940 1004 et
1965 943 2293 1004 tactionum
2323 951 2386 1004 et
2412 944 2660 1004 odora-—

461 1029 695 1091 tionum
738 1037 799 1089 et
827 1045 1138 1108 saporum,
1187 1047 1342 1107 quae
1383 1036 1527 1089 sunt
1558 1047 1768 1090 omnes
1796 1028 1977 1089 unius
2005 1028 2244 1108 generis
2273 1028 2344 1088 ad
2374 1028 2625 1107 perfun-

465 1115 725 1176 dendum
763 1113 1026 1174 animum
1057 1121 1357 1192 tamquam
1389 1113 1802 1192 inliquefactae
1846 1113 2194 1193 voluptates.
2261 1111 2503 1174 Iactatio
2536 1120 2627 1172 est
2675 1120 2731 1172 10

462 1199 735 1279 voluptas
764 1198 1027 1278 gestiens
1057 1208 1118 1259 et
1147 1216 1211 1259 se
1245 1198 1505 1260 efferens
1533 1197 1907 1260 insolentius.
1962 1197 2129 1269 Quae
2160 1206 2360 1260 autem
2391 1196 2628 1258 libidini

460 1284 725 1346 subiecta
756 1292 919 1357 sunt,
951 1302 1020 1344 ea
1048 1283 1134 1344 sic
1163 1283 1555 1357 definiuntur,
1584 1292 1652 1345 ut
1681 1285 1774 1343 ira
1803 1282 1880 1344 sit
1908 1282 2090 1343 libido
2122 1282 2445 1362 poeniendi
2477 1281 2627 1355 eius,

461 1370 566 1448 qui
594 1369 862 1430 videatur
891 1368 1129 1430 laesisse
1160 1368 1396 1442 iniuria,
1428 1368 1893 1429 emeandescentia
1922 1375 2123 1428 autem
2150 1367 2227 1429 sit
2254 1367 2343 1428 ira
2374 1384 2629 1428 nascens

460 1463 523 1514 et
575 1455 753 1515 modo
801 1453 1111 1528 exsistenS‚
1160 1471 1312 1532 quae
1362 1448 1681 1532 θύμωσις
1727 1451 1950 1513 Graece
1992 1452 2241 1525 dicitur,
2298 1452 2496 1514 odium
2538 1451 2628 1512 ira

460 1539 815 1612 inveterata,
862 1541 1170 1599 inimicitia
1222 1538 1310 1599 ira
1341 1536 1665 1599 ulciscendi
1697 1544 1932 1616 tempus
1963 1536 2285 1598 observans
2300 1581 2315 1610 ‚
2348 1537 2633 1599 discordia
2680 1546 2737 1597 15

460 1623 548 1684 ira
589 1621 862 1684 acerbior
905 1622 1117 1683 intimo
1165 1622 1364 1683 animo
1411 1630 1475 1683 et
1514 1623 1694 1683 corde
1728 1630 2045 1701 concepta,
2091 1623 2414 1702 indigentia
2442 1619 2629 1683 libido

458 1706 856 1786 inexplebilis,
907 1706 1251 1768 desiderium
1287 1705 1470 1768 libido
1502 1706 1662 1780 eim,
1706 1705 1808 1784 qui
1843 1707 2112 1767 nondum
2139 1706 2322 1781 adsit,
2372 1706 2629 1768 videndi.

457 1791 852 1871 Distinguunt
878 1790 1021 1852 illud
1048 1792 1245 1867 etiam,
1274 1798 1341 1852 ut
1366 1789 1549 1852 libido
1581 1791 1657 1852 sit
1685 1808 1889 1852 earum
1913 1809 2135 1867 rerum,
2166 1810 2316 1871 quae
2334 1788 2636 1853 *dicuntur

358 1207 418 1259 21

532 1943 578 1993 1.
620 1937 754 1989 Tum
783 1954 958 2004 pavor
991 1942 1108 2002 cet„
1155 1954 1248 1991 aus
1284 1939 1493 1993 Ennius'

456 2007 735 2070 incumbo,
779 2006 845 2062 de
880 2011 1009 2059 orat.
1041 2007 1119 2059 111.
1157 2009 1248 2073 58,
1284 2009 1384 2061 218
1420 2009 1491 2060 im

456 2073 932 2141 zusammenhange
966 2074 1256 2140 angeiiihrt.

527 2143 574 2194 2.
633 2145 1117 2197 exanimationem:
1189 2140 1489 2213 ἀγωνία,

458 2208 627 2280 φόβος
650 2204 852 2275 ἀδήλου
897 2207 1230 2280 πράγματος.

528 2281 578 2331 3.
623 2280 1109 2330 conturbationem:
1159 2276 1488 2348 θόρυβος,

458 2342 628 2415 φόβος
777 2343 813 2396 ἁ
869 2345 1230 2407 κατεπείξεως
1289 2347 1495 2415 φωνῆς.

455 2414 536 2466 An
584 2428 647 2466 an
687 2429 808 2466 eren
859 2413 1082 2479 SteIIen,
1135 2415 1237 2466 wie
1284 2417 1364 2478 10,
1410 2416 1494 2479 23,

454 2480 704 2533 bedeutet
747 2484 1086 2533 conturbatio
1135 2481 1373 2535 desselbe
1417 2482 1495 2534 als

448 2551 800 2615 perturbatio
834 2549 1140 2617 uberhaupt.

509 2615 857 2679 formidinem
874 2622 1364 2684 —permanentem
1398 2615 1497 2669 Mit

455 2684 624 2737 dieser
649 2684 937 2751 Erklfirung
971 2685 1112 2737 steht
1134 2685 1238 2737 Cic.
1274 2701 1338 2738 zu
1374 2683 1492 2737 dem

454 2755 584 2807 rom.
644 2750 1102 2819 Sprachgebrauch
1163 2754 1232 2805 im
1292 2751 1491 2804 Widet-

455 2818 671 2885 spi-neh,
730 2818 794 2871 (la
853 2818 1093 2879 formido
1165 2820 1308 2872 nicht
1377 2821 1493 2872 eine

455 2885 715 2937 dauci-nde
747 2886 951 2950 Fui-ebt,
986 2885 1208 2938 sondern
1245 2886 1495 2939 vielmehr

452 2952 681 3004 intensiv
735 2951 834 3004 den
889 2953 1141 3005 hochsten
1207 2953 1342 3006 Grad
1389 2970 1492 3006 von

453 3019 647 3073 Furcht
683 3019 952 3084 (Gi-ausen)
990 3020 1306 3073 bezeichnet.

525 3090 575 3140 5.
655 3087 960 3155 Voluptatis
993 3111 1062 3131 =
1100 3090 1338 3141 laetitiae
1398 3106 1494 3155 ge-

455 3156 699 3215 stienti„
752 3171 813 3209 zu
863 3173 933 3207 ex
965 3158 1108 3209 malo
1155 3156 1260 3224 vgl.
1312 3160 1360 3223 8,
1400 3161 1488 3212 18:

455 3240 526 3274 ex
560 3239 639 3275 eo.

525 3292 574 3344 6.
611 3291 920 3342 delectatio:
972 3288 1286 3358 κήλησις,
1323 3287 1494 3359 ἡδονὴ

455 3353 536 3410 δι’
585 3356 753 3412 ὤτων
787 3357 1182 3426 mmmmm.
1261 3360 1352 3413 Die
1387 3376 1494 3414 von

453 3426 558 3481 Cic.
584 3426 843 3494 gewiihlte
872 3425 1229 3494 Ubersetznng
1245 3428 1314 3481 ist
1332 3428 1495 3481 offen-

450 3494 546 3547 bar
588 3495 733 3548 nicht
766 3495 1116 3547 bezeichnend
1151 3511 1337 3562 genug.

523 3565 604 3615 10.
657 3561 1043 3628 inliquefactae
1087 3554 1164 3613 ‘in
1205 3561 1349 3616 Flul's
1402 3579 1491 3631 ge-

453 3625 620 3680 setzt’.
687 3625 784 3684 ἅπ.
818 3628 878 3681 λε
912 3669 927 3684 .

519 3696 751 3747 Iactatio
779 3697 865 3749 seh
890 3697 1012 3750 thei
1023 3696 1169 3764 Diog.
1185 3696 1237 3748 L.
1253 3697 1352 3750 Vll.
1378 3701 1490 3752 114.

449 3832 470 3884 l
523 3765 604 3883 1424.
640 3766 746 3830 ira,
778 3760 929 3835 ὀργή.
963 3764 1038 3817 Zu
1066 3766 1361 3831 poeniendi
1383 3767 1490 3833 vgl.

472 3869 487 3884 .
590 3869 607 3897 ‚
645 3834 758 3885 107.

1670 1943 1751 1994 13.
1788 1942 2247 1994 eoecandescentia.
2284 1941 2430 2008 Diog.
2462 1941 2514 1994 L.
2539 1941 2637 1994 hat

1596 2007 1743 2061 daim·
1776 2004 1969 2075 θυμός.
2024 2005 2277 2076 Gumis
2295 2009 2418 2062 fand
2452 2009 2636 2062 Cicero

1595 2075 2024 2129 wahrscheinlich
2058 2077 2144 2129 bei
2180 2077 2513 2145 Chrysippus.

1664 2146 1745 2196 14.
1778 2145 1936 2196 modo
1960 2148 2218 2196 exsistens
2248 2139 2399 2197 ‘eben
2425 2145 2638 2198 hervor-

1592 2205 1828 2275 tretend'‚
1877 2211 1988 2265 also
2038 2212 2183 2266 nicht
2238 2212 2495 2265 identisch
2534 2215 2639 2266 mit

1591 2295 1831 2332 nascens.

1669 2348 1871 2413 odium,
1905 2348 2094 2413 griecb.
2129 2346 2301 2415 μῆνις.

1669 2417 1750 2469 15.
1801 2418 2092 2467 inimicitia
2139 2415 2251 2467 hier
2295 2415 2391 2480 (als
2437 2415 2640 2481 Abstr.)

1596 2482 1666 2562 im
1717 2482 1887 2550 Sing.;
1933 2486 2080 2536 sonst
2121 2481 2329 2536 Plurale
2373 2487 2500 2535 tant.
2543 2483 2639 2537 Gr.

1594 2565 1768 2602 ueros.

1667 2620 1748 2670 16.
1806 2618 2137 2683 indigentia,
2190 2618 2381 2684 griech.
2433 2615 2642 2672 σπάνις

1596 2678 1800 2751 ἀτελής,
1825 2700 1867 2739 S.
1890 2688 1938 2751 7,
1965 2689 2029 2739 16
2036 2705 2051 2749 ;
2073 2686 2415 2751 desiderium,
2438 2687 2638 2753 griech.

1597 2751 1796 2804 πόθος.
1841 2752 1982 2805 Doch
2007 2754 2291 2821 entspricht
2315 2754 2397 2807 die
2417 2754 2639 2807 letztere

1593 2808 1953 2888 Ubersetzung
1997 2821 2170 2874 weder
2214 2821 2332 2874 dem
2366 2821 2639 2874 stoischen

1595 2886 1796 2953 Begriff
1832 2903 1938 2940 von
1981 2884 2190 2954 πόθος,
2239 2904 2349 2942 was
2400 2890 2478 2942 als
2513 2891 2641 2942 iata—

1596 2954 1779 3022 θυμία
1824 2951 1952 3007 κατ’
2007 2961 2191 3025 ἔρωτα
2242 2957 2342 3008 τοῦ
2392 2953 2641 3011 ἀπόντος

1598 3022 1791 3075 erklart
1810 3021 1956 3089 wird‚
1984 3026 2118 3077 noch
2137 3025 2255 3076 dem
2273 3029 2398 3078 rom.
2414 3025 2642 3093 Sprach-

1599 3091 1887 3157 gebrauch,
1941 3092 2072 3144 nach
2123 3092 2374 3144 welchem
2428 3093 2641 3145 deside-

1596 3161 1745 3209 rium
1788 3174 1955 3226 urspr.
2010 3159 2104 3212 das
2150 3159 2440 3228 verlangen
2496 3163 2642 3215 nach

1594 3225 1809 3279 soleben
1843 3241 1941 3279 uns
1967 3228 2273 3281 wertvollen
2305 3227 2503 3296 Dingen
2538 3228 2641 3281 be-

1595 3293 1848 3360 zeichnet,
1884 3295 2084 3348 welche
2107 3296 2206 3348 wir
2237 3297 2426 3350 nicht
2459 3296 2641 3350 mehr

1594 3360 1844 3416 besitzen.
2237 3410 2242 3413 Α

1669 3431 1748 3482 18.
1801 3433 1866 3480 ut
1916 3431 2082 3482 libido
2134 3433 2222 3483 sit.
2309 3429 2462 3483 Sinn:
2507 3428 2638 3484 Man

1596 3497 1770 3548 macht
1805 3497 1928 3548 aber
1960 3498 2219 3550 zwiscben
2256 3499 2422 3550 libido
2458 3515 2509 3551 u.
2543 3501 2640 3550 in—

1596 3565 1841 3628 digentia
1864 3565 1996 3616 auch
2017 3565 2116 3617 den
2136 3565 2487 3629 Unterscbied,
2514 3565 2577 3618 da
2586 3570 2639 3620 ss

1588 3633 1715 3696 Jene
1752 3632 1860 3684 sich
1898 3632 1990 3685 aus
2022 3635 2103 3685 ein
2138 3634 2423 3700 beliebiges
2452 3632 2640 3687 Pridi-

1596 3698 1688 3750 kat
1732 3698 2153 3772 (κατηγόρημα),
2205 3700 2438 3768 dagegen
2484 3702 2638 3753 indi-

1591 3771 1783 3832 gentia
1829 3768 1939 3820 sich
1990 3769 2084 3821 aus
2125 3769 2210 3822 die
2257 3768 2420 3835 Dinge
2465 3770 2640 3823 selbst

1596 3835 1819 3888 bezieht.
1874 3835 2014 3888 Ganz
2041 3836 2245 3904 richtig,
2279 3837 2508 3890 insciern
2533 3839 2641 3891 wir
