2834 4317
115 1051 245 1141 (Ἕω
293 1071 312 1093 v

367 138 372 144 ’
448 173 528 230 78
829 162 833 167 '
1150 176 1341 267 ιιΒΕΒ
1376 177 1411 229 1.
1451 177 1534 240 31,
1572 180 1653 230 τι.
1691 179 1773 241 32,
1811 180 1894 231 78.

341 359 397 400 ἰτ
447 346 632 408 videri
658 347 873 408 malum
901 348 1106 428 possit.
1153 349 1219 411 A.
1245 349 1360 421 Qui
1386 357 1604 429 potest,
1631 367 1766 410 cum
1791 349 1900 411 ista
1925 349 2305 427 cognoverim
2322 348 2353 410 ‘2
2385 350 2468 411 Μ.
2495 350 2613 421 Qui

439 432 628 512 possit
649 435 871 511 rogas?
902 432 1181 495 Catervae
1205 434 1457 497 veniunt
1487 442 1697 495 contra
1729 434 2075 508 dicentium,
2109 454 2223 496 nec
2246 436 2442 497 solum
2469 434 2612 515 Epi·

443 536 791 593 cureorum,
839 537 990 598 quos
1035 519 1308 599 equidem
1355 539 1479 581 non
1526 520 1822 599 despicio,
1869 519 1971 580 sed
2021 521 2220 582 nescio
2268 540 2387 600 quo
2431 521 2612 582 modo

445 603 819 665 doctissimus
854 605 1105 684 quisque
1138 600 1516 689 [contemuit]
1537 653 1552 681 ‚
1600 623 1908 666 acerrume
1940 614 2135 667 autem
2169 605 2413 667 deliciae
2445 625 2612 667 meae

441 688 837 750 Dicaearchus
861 698 1070 750 contra
1094 690 1248 750 hanc
1278 691 1780 752 immortalitatem
1811 690 2107 752 disseruit.
2196 691 2254 752 Is
2296 692 2454 753 enim
2501 691 2612 753 tris
2661 705 2699 752 5

439 772 628 845 libros
653 774 914 853 scripsit,
948 775 1050 852 qui
1072 774 1341 836 Lesbiaci
1370 783 1676 851 vocantur,
1703 775 1860 854 quod
1887 776 2184 857 Mytilenis
2206 795 2403 838 sermo
2425 776 2609 838 habe-

443 870 577 934 tur,
623 859 685 920 in
735 860 952 938 quibus
975 860 1096 921 volt
1140 861 1378 922 efficere
1408 861 1643 923 animos
1687 879 1817 922 esse
1849 861 2134 922 mortalis.
2196 862 2378 923 Stoici
2410 870 2609 924 autem

441 962 684 1005 usuram
708 944 885 1006 nobis
906 945 1236 1025 largiuntur
1257 954 1560 1025 tamquam
1585 944 1955 1023 cornicibus3
1979 947 2077 1007 diu
2102 966 2418 1009 mansuros
2441 949 2612 1008 aiunt

407 1030 690 1111 ,animos,
722 1048 960 1110 semper
990 1039 1230 1109 negant.

337 1114 414 1169 32
620 1116 774 1176 Num
808 1135 930 1176 non
964 1115 1049 1177 vis
1079 1116 1261 1195 igitur
1289 1116 1493 1178 audire
1524 1134 1650 1191 cur,
1683 1116 1857 1178 etiam
1891 1117 1941 1179 si
1972 1117 2053 1178 ita
2081 1117 2176 1191 sit,
2215 1136 2378 1179 mors
2408 1126 2607 1178 tamen
2661 1131 2731 1180 10

445 1219 566 1260 non
599 1201 676 1262 sit
705 1200 765 1260 in
799 1199 1010 1262 malis?
1068 1202 1137 1262 A.
1169 1201 1246 1262 Ut
1277 1201 1538 1278 videtur,
1584 1201 1685 1263 sed
1734 1220 1828 1262 me
1860 1221 2037 1264 nemo
2069 1202 2140 1264 de
2171 1203 2608 1263 immortalitate

338 1288 399 1339 78
443 1286 716 1365 depellet.
750 1284 833 1346 M.
866 1286 1070 1347 Laudo
1103 1286 1160 1347 id
1193 1287 1452 1366 quidem,
1487 1287 1595 1349 etsi
1629 1287 1776 1349 nihil
1808 1288 1986 1349 nimis
2011 1296 2245 1367 oportet
2267 1289 2568 1349 confidere
2587 1307 2604 1364 ;

440 1389 748 1432 movemur
778 1371 938 1433 enim
971 1375 1149 1451 Saepe
1179 1372 1377 1451 aliquo
1410 1382 1583 1433 acute
1615 1372 1901 1434 concluso
1920 1419 1935 1447 ,
1981 1372 2245 1434 labamus
2274 1384 2606 1434 mutamus·

442 1474 557 1534 que
588 1457 941 1517 sententiam
975 1457 1322 1519 clarioribus
1354 1459 1528 1519 etiam
1558 1458 1620 1518 in
1654 1457 1866 1532 rebus;
1896 1459 1957 1519 in
1989 1459 2081 1520 his
2112 1468 2200 1520 est
2223 1459 2382 1519 enim
2411 1458 2606 1537 aliqua

442 1540 787 1605 obscuritas,
852 1541 918 1601 Id
948 1542 1129 1620 igitur
1159 1541 1209 1602 si
1239 1542 1539 1617 acciderit,
1571 1544 1755 1605 simus
1786 1545 2013 1621 armati.
2073 1544 2140 1606 A.
2165 1545 2322 1605 Sane
2348 1543 2608 1624 quidem,
2658 1558 2729 1606 15

440 1625 545 1687 sed
573 1644 650 1686 ne
682 1625 907 1686 accidat
933 1626 1278 1704 provideb0.

613 1710 696 1771 M.
721 1710 873 1771 Num
901 1710 1040 1788 quid
1065 1711 1246 1790 igitur
1269 1719 1359 1773 est
1381 1729 1611 1786 causae,
1640 1712 1783 1791 quin
1814 1712 2040 1775 amicos
2060 1722 2298 1776 nostros
2324 1710 2607 1799 [Stoicos]

441 1808 554 1860 dass
591 1808 679 1859 der
704 1806 817 1859 Tod
845 1808 967 1860 eher
991 1824 1056 1861 zu
1085 1809 1364 1861 wunschen
1391 1811 1470 1861 als

441 1891 505 1927 zu
543 1874 777 1927 surchten
814 1876 913 1941 ist,
959 1892 1019 1928 so
1069 1876 1260 1929 erkliirt
1296 1893 1351 1930 er
1386 1876 1470 1928 die

440 1944 653 1995 weitere
688 1941 1089 2010 Untersuchung
1129 1945 1363 2007 dariiber,
1402 1945 1470 1996 ob

440 2027 495 2063 er
532 2011 623 2063 das
647 2012 846 2077 einzige
884 2012 1007 2064 oder
1033 2013 1347 2133 ἀείἱςιὸἔειο
1371 2012 1474 2131 Ειῗῑ

1204 2096 1231 2133 a
1272 2097 1326 2133 er
1363 2082 1472 2133 hat

1082 2149 1203 2201 weil
1249 2150 1326 2201 sie
1372 2150 1472 2202 den

440 2080 536 2147 sei,
580 2079 661 2131 sfir
695 2079 1024 2146 iiberssfissig.

440 2119 536 2198 sie
559 2148 641 2198 fur
678 2148 1037 2212 unerlatslich,

440 2215 614 2268 bisher
650 2216 923 2296 gefuhrten
960 2216 1190 2282 BeweiS,
1226 2216 1343 2270 dats
1380 2218 1472 2270 der

439 2281 550 2335 Tod
572 2283 692 2335 kein
704 2282 835 2336 Ubel
850 2284 944 2348 sei,
962 2286 1091 2337 uber
1108 2287 1244 2338 allen
1257 2285 1470 2337 Zweisel

440 2352 663 2404 erheben
700 2351 803 2404 und
841 2367 1006 2419 gegen
1035 2353 1194 2419 jeden
1217 2353 1471 2407 Einwand

439 2420 530 2474 der
565 2421 769 2487 Gegner
803 2421 971 2473 sicher
1006 2422 1191 2474 stellen
1228 2421 1384 2475 kann.
1465 2428 1475 2436 ⁴

511 2495 557 2544 1.
592 2489 665 2542 Zu
705 2489 811 2553 Qui
835 2494 1017 2556 potest
1039 2519 1103 2528 -
1132 2489 1239 2553 Qui
1263 2493 1474 2557 possit?

439 2560 657 2625 ergiinze
687 2558 829 2623 fieri,
847 2558 950 2611 wie
980 2561 1061 2625 12,
1081 2562 1165 2625 23,
1188 2558 1313 2611 oder
1336 2559 1469 2611 auch

439 2629 551 2688 (aus
577 2625 693 2678 dem
705 2626 1196 2693 Vorhergehenden)
1218 2643 1365 2679 mors
1388 2630 1465 2678 vi·

441 2694 559 2745 deri
591 2695 807 2745 malum.

510 2762 556 2812 2.
603 2766 790 2811 contra
828 2762 1137 2828 dicentium,
1181 2779 1222 2814 S.
1259 2779 1303 2815 z.
1341 2765 1389 2827 4,
1416 2765 1465 2816 8.

508 2830 557 2878 3.
611 2842 745 2893 quos
777 2829 1022 2892 equidem
1058 2836 1189 2893 cet„
1223 2831 1467 2883 ironisch.

438 2894 661 2946 Ahnlich
698 2894 753 2947 ll.
781 2897 828 2958 3,
857 2899 912 2947 7:
963 2912 1095 2962 quos
1128 2897 1466 2963 (Epicureos)

439 2979 549 3014 non
602 2968 880 3014 contemno
936 2965 1209 3029 equidem,
1270 2969 1468 3033 quippe

442 3047 574 3097 quos
606 3046 902 3097 numquam
939 3032 1176 3098 legerim.

506 3102 683 3151 nescio
721 3115 826 3166 quo
863 3100 1047 3165 modo,
1094 3115 1135 3155 s,
1172 3116 1219 3153 z.
1260 3104 1341 3165 11,
1379 3104 1464 3155 24.

507 3170 553 3220 4.
591 3168 977 3231 Dicaearchus,
1005 3168 1392 3241 Peripatetiker,
1423 3187 1463 3224 S.

442 3239 521 3303 10,
548 3238 639 3294 21;
683 3239 763 3301 11,
789 3238 880 3297 24ς
919 3207 1002 3300 22,
1027 3236 1110 3289 51.

508 3308 555 3357 7.
576 3304 791 3368 efficere
830 3307 1038 3356 animos
1072 3321 1184 3356 esse
1201 3307 1464 3357 mortalis.

324 3431 327 3433 ,
437 3370 678 3438 Dagegen
706 3376 856 3438 8,16:
882 3387 1027 3423 mors
1050 3378 1113 3422 ut
1131 3373 1331 3424 malum
1354 3390 1465 3425 non

436 3443 507 3489 sit
541 3439 758 3504 efficies.

508 3510 553 3561 8.
616 3525 838 3561 usuram
876 3538 945 3549 —
980 3509 1312 3574 largiuntur,
1373 3509 1463 3562 be-

439 3575 668 3641 willigen
717 3593 813 3628 uns
860 3578 1007 3629 einen
1050 3576 1462 3630 reichlichen

437 3642 507 3706 (d.
531 3643 581 3695 h.
619 3643 827 3710 langen)
864 3644 1196 3695 Niessbraucb
1236 3644 1326 3697 des
1361 3646 1460 3697 Le-

436 3712 565 3762 bens
618 3711 789 3774 (keine
838 3715 1273 3778 possessio).
1361 3713 1460 3766 Zur

436 3779 601 3831 Sache
635 3780 741 3846 vgl.
779 3782 920 3844 9,18
958 3796 1006 3833 u.
1042 3783 1127 3845 32,
1158 3784 1239 3834 79.

506 3854 772 3914 tamquam
824 3851 1153 3915 cornicibus,
1200 3850 1281 3901 die
1328 3850 1460 3902 nach

1575 1809 1666 1860 der
1701 1810 1859 1863 Fabel
1907 1828 2043 1865 neun
2080 1812 2493 1867 Menschenalter
2528 1829 2612 1865 er-

1574 1878 1798 1931 reichen.
1853 1879 2058 1933 Hesiod.
2085 1881 2266 1948 fragm.
2289 1885 2388 1935 106
2412 1881 2606 1934 Gottla

1569 1941 1764 1998 Ἐννέα
1807 1965 1895 1999 τοι
1965 1951 2063 1999 chet
2104 1954 2297 2019 γενεὰς
2341 1947 2609 2018 λακέρυζα

1574 2016 1792 2147 3‘1‘35'033?
1813 2008 1918 2135 {33'
1952 2023 2082 2135 33³1.
2118 2020 2472 2138 iiiiii...
2477 2016 2609 2138 ..viii

1580 2153 1661 2214 17,
1700 2152 1762 2203 13
1799 2167 1847 2202 ιι.
1884 2149 1969 2205 IV.
2009 2155 2089 2216 13,
2126 2154 2208 2206 25.

1643 2188 1690 2270 9.
1715 2234 1923 2284 semper
1968 2226 2188 2286 negant,
2222 2220 2330 2286 vgl.
2351 2223 2607 2285 z.18‚42.

1570 2289 1682 2337 sive
1706 2287 2058 2353 dissipantur.
2120 2287 2252 2339 Uber
2289 2288 2380 2340 das
2404 2289 2609 2357 Asynd.

1574 2369 1618 2407 s.
1654 2371 1699 2406 z.
1719 2357 1921 2419 48‚116
1945 2372 1995 2408 u.
2022 2356 2156 2408 oben
2190 2359 2266 2423 10,
2281 2360 2372 2409 2οε
2410 2373 2610 2423 corpus

1572 2426 1795 2489 negavit
1805 2439 2146 2489 esse,merum
2164 2441 2447 2477 numerum
2461 2425 2614 2476 dixit

1574 2508 1699 2543 csse.

1649 2562 1728 2611 10.
1775 2575 1923 2610 mors
1957 2588 2026 2599 —
2060 2563 2120 2611 in
2155 2561 2351 2612 malis?
2404 2560 2512 2611 Ehe
2548 2576 2610 2612 er

1574 2627 1685 2680 dies
1710 2627 1833 2678 aber
1858 2629 2086 2692 erweist,
2123 2629 2394 2695 widerlegt
2417 2644 2472 2680 er
2496 2635 2610 2681 erst

1572 2695 1706 2747 noch
1735 2695 1815 2746 bis
1844 2697 1929 2763 33,
1945 2698 2004 2749 81
2035 2696 2250 2749 einschl.
2276 2697 2444 2763 einige
2469 2696 2609 2763 Geg-

1572 2778 1664 2814 ner
1697 2761 1788 2815 der
1827 2735 2446 2818 Unsterblichkeitslehre.

1644 2834 1722 2884 11.
1770 2836 1834 2881 ut
1866 2832 2094 2898 videtur,
2141 2850 2181 2885 s,
2223 2837 2315 2899 11,
2351 2836 2414 2887 23
2453 2849 2516 2884 zu
2551 2837 2608 2883 si

1569 2900 1801 2949 videtur.

1643 2968 1708 3019 de
1741 2968 2175 3031 immortalitate,
2212 2967 2499 3034 abgekfirzt
2533 2973 2602 3021 st.

1571 3035 1637 3086 de
1673 3039 1928 3101 opinione
1963 3038 2408 3089 immortalitatis.
2478 3035 2601 3101 vgl.

1568 3103 1626 3155 11.
1643 3107 1692 3166 5,
1711 3107 1798 3156 14:
1816 3104 1882 3155 de
1903 3108 2170 3156 sententia
2188 3121 2298 3155 esse
2318 3106 2602 3161 deiectum,

1644 3174 1723 3225 12.
1752 3173 1896 3222 nihil
1947 3173 2279 3237 (confidere),
2335 3174 2453 3225 Acc.
2508 3173 2602 3225 des

1570 3240 1782 3291 inneren
1809 3238 2050 3305 Objekts:
2078 3242 2128 3292 in
2156 3241 2361 3294 keinem
2387 3240 2601 3293 Stficke.

1640 3310 1721 3360 13.
1753 3323 2052 3373 movemur,
2114 3309 2208 3360 wir
2263 3309 2468 3361 werden
2523 3324 2603 3360 er-

1572 3374 1775 3440 griffen,
1817 3375 1866 3427 d.
1885 3376 1934 3428 h.
1970 3377 2143 3429 lassen
2169 3392 2266 3429 uns
2301 3377 2601 3430 bestechen.

1640 3445 1718 3495 14.
1731 3414 1822 3495 D⁹ie
1843 3443 2021 3496 Worte
2046 3448 2105 3495 in
2124 3446 2208 3496 his
2231 3450 2312 3496 est
2331 3448 2474 3497 enim
2500 3448 2600 3498 cet.

1566 3510 1830 3563 euthalten
1858 3510 1940 3563 die
1968 3512 2393 3580 Rechtsertigung
2417 3514 2508 3566 des
2533 3529 2602 3565 zu

1566 3579 1921 3644 ergiinzenden
1940 3580 2273 3635 Gedankens·
2296 3580 2389 3633 Um
2411 3597 2472 3634 so
2492 3596 2601 3632 we-

1565 3647 1711 3713 niger
1735 3647 1863 3699 wird
1887 3664 2005 3700 man
2031 3649 2178 3701 sich
2164 3665 2217 3700 ιιι
2245 3650 2410 3702 dieser
2434 3650 2600 3716 Frage

1532 3729 1535 3732 ·
1566 3715 1655 3767 der
1693 3715 1981 3768 Sicherheit
2015 3716 2274 3783 hingeben
2311 3718 2508 3770 durren.

1622 3786 1700 3837 17.
1713 3786 1919 3835 amicus
1937 3791 2168 3850 nostros,
2194 3786 2334 3838 nicht
2355 3786 2599 3841 ironisch.

1566 3851 1639 3902 Zu
1697 3852 2034 3904 dimittamus
2092 3853 2599 3921 (unbert‘icksichtigt
