2834 4317
420 175 501 233 28
1293 173 1481 228 uses
1515 175 1553 229 1.
1592 179 1639 240 3,
1677 179 1724 227 5.
1763 176 1811 228 6.

393 361 559 410 'vero
590 347 902 427 Lepidum,
936 348 1287 422 Carbonem,
1331 348 1664 424 Gracchos3
1710 346 1850 407 inde
1895 346 1976 408 ita
2019 365 2268 425 magnos
2312 355 2580 409 nostram

420 436 492 496 ad
521 442 790 508 aetatem,
831 442 898 493 ut
939 453 1063 495 non
1097 435 1349 495 multum
1380 442 1481 495 aut
1524 433 1676 494 nihil
1707 433 1953 493 omnino
1986 431 2225 493 Graecis
2248 431 2581 495 cederetur.

380 570 385 575 .
420 519 799 599 Philosophia
829 519 1009 580 iacuit
1031 539 1222 599 usque
1247 521 1318 581 ad
1341 519 1498 580 hanc
1520 528 1767 582 aetatem
1793 537 1906 579 nec
1928 518 2118 578 ullum
2149 516 2582 580 hahuit'lumen

418 605 750 666 litterarum
781 605 1159 680 Latinarum,·
1204 624 1354 685 quae
1396 604 1770 666 inlustranda
1814 612 1872 665 et
1916 603 2224 664 excitanda
2253 602 2445 665 ‘nobis
2477 613 2585 680 est,

421 701 506 765 ut,
538 691 588 752 si
620 691 894 770 occupati
916 692 1253 770 profuimus
1283 689 1509 769 aliquid
1539 689 1765 751 ciribus
1787 689 2027 761 nostriS,
2058 690 2358 768 prosimus
2389 689 2656 764 etiams?

369 813 377 830 ·
411 776 470 838 'si
513 795 850 855 possumus,
892 776 1089 837 otiosi.
1169 777 1236 837 In
1272 795 1390 854 quo
1436 795 1507 837 eo
1550 775 1738 855 magis
1790 774 1964 836 nobis
2008 784 2097 836 est
2138 773 2584 852 elaborandum,

426 862 584 940 quod
616 862 787 923 multi
818 862 931 922 iam
964 857 1098 924 esse
1125 862 1260 923 libri
1283 862 1481 923 Latini
1505 860 1785 922 dicuntur
1808 859 2016 939 scripti
2039 860 2481 922 inconsiderate
2511 861 2586 922 ab

426 947 664 1026 optimis
703 947 817 1008 illis
860 947 1099 1026 quidem
1141 948 1310 1021 viriS,
1357 947 1463 1008 sed
1507 965 1632 1007 non
1675 946 1816 1007 satis
1859 945 2124 1009 eruditis.
2184 944 2345 1032 Fieri
2389 954 2584 1007 autem

423 1042 622 1112 potest
651 1041 717 1093 ut
746 1042 908 1094 reete
940 1034 1074 1112 quis
1104 1034 1409 1114 sentiat-et
1452 1033 1530 1105 id,
1577 1031 1737 1111 quod
1768 1032 1969 1107 sentit,
2014 1030 2199 1111 polite
2229 1031 2426 1110 eloqui
2459 1051 2584 1093 non

403 1118 645 1197 'possit;
690 1119 792 1179 sed
835 1118 1121 1179 mandare
1167 1136 1528 1197 quemquam
1577 1116 1790 1179 litteris
1843 1117 2233 1197 cogitationes
2275 1135 2438 1189 suas,
2487 1115 2588 1196 qui

428 1220 524 1263 eas
555 1221 670 1263 nec
702 1203 1019 1282 disponere
1060 1223 1173 1265 nec
1216 1204 1536 1265 inlustrare
1578 1201 1769 1282 possit
1811 1220 1921 1262 nec
1965 1201 2356 1263 delectatione
2393 1202 2586 1282 aliqua

427 1287 661 1348 allicere
692 1289 999 1364 lectorem,
1044 1281 1305 1351 hominis
1336 1298 1425 1350 est
1455 1288 1927 1368 intemperanter
1957 1287 2255 1349 abutentis
2286 1296 2343 1348 et
2374 1288 2494 1348 otio
2529 1296 2589 1346 et

427 1373 657 1435 litteris.
745 1374 952 1453 Itaque
996 1392 1138 1437 suos
1166 1374 1350 1436 libros
1381 1375 1493 1454 ipsi
1538 1374 1745 1457 legunt
1775 1392 1911 1435 cum
1942 1372 2102 1447 suiS‚·
2129 1391 2243 1433 nec
2274 1374 2585 1452 quisquam

427 1458 665 1537 attingit
693 1468 930 1539 praeter
962 1479 1087 1534 eos,
1117 1461 1220 1538 qui
1244 1460 1492 1520 eandem
1523 1459 1823 1520 licentiam
1854 1458 2156 1520 scribendi
2181 1458 2293 1519 sibi
2323 1457 2589 1538 permitti
2689 1471 2710 1496 ⁸

427 1543 652 1603 volunt.
714 1544 843 1614 Qua
873 1555 938 1604 re
968 1544 1017 1605 si
1048 1544 1266 1623 aliquid
1296 1545 1589 1626 oratoriae
1619 1543 1809 1604 laudis
1840 1553 2042 1604 nostra
2084 1544 2387 1632 attulimus
2419 1543 2591 1603 indu-

503 1666 549 1714 1.
610 1661 871 1724 Lepidum
916 1665 1014 1712 cet.
1093 1659 1161 1714 M.
1204 1659 1458 1712 Aemilius

430 1729 655 1795 Lepidus
679 1727 912 1792 Porcina,
950 1727 1146 1780 Konsul
1174 1729 1289 1791 137,
1327 1729 1458 1780 nach

434 1797 609 1849 Cicero
631 1795 794 1860 (Brut.
808 1798 890 1862 25,
903 1798 989 1859 95)
1008 1796 1098 1848 der
1121 1800 1316 1862 grosste
1325 1794 1459 1848 Red-

431 1880 523 1916 ner
543 1863 632 1916 der
651 1864 871 1916 zweiten
886 1868 1034 1915 aetas
1046 1869 1343 1929 oratorum,
1358 1866 1459 1916 wie

430 1932 592 1984 Galba
629 1932 682 1983 in
717 1930 808 1983 der
839 1938 1025 1987 ersten.
1096 1931 1218 1984 Sein
1242 1931 1461 1984 Schfiler

433 2001 486 2052 C.
512 2000 813 2068 Papirius
851 2000 1082 2064 Carbo,
1118 2000 1315 2053 Konsul
1344 2003 1459 2065 120,

433 2068 539 2120 und
563 2067 647 2119 die
669 2067 854 2120 beiden
882 2067 995 2120 Gra
1010 2067 1208 2121 cchen
1233 2069 1459 2135 gehoren

360 2183 371 2191 .
435 2135 527 2189 der
562 2136 750 2189 dritten
787 2133 1004 2189 Periode
1041 2152 1121 2188 an.
1197 2184 1203 2189 .

502 2208 586 2255 ita
607 2220 849 2270 magnos,
889 2221 936 2258 z.
951 2204 1009 2257 B.
1034 2220 1127 2257 aus
1152 2204 1243 2257 der
1259 2205 1460 2257 vierten

433 2278 583 2326 aetas
618 2277 896 2324 oratorum
930 2273 998 2325 M.
1024 2274 1277 2326 Antonius
1303 2271 1462 2334 (Kon-

433 2341 515 2406 sul
552 2344 636 2405 99,
681 2342 774 2393 auf
804 2340 1013 2393 Marius’
1050 2341 1232 2394 Besehl
1271 2344 1333 2395 87
1373 2355 1463 2406 ge-

434 2412 590 2475 totet)
621 2409 727 2462 und
750 2409 805 2464 L.
825 2409 1050 2462 Licinius
1068 2410 1280 2462 Crassus
1304 2408 1464 2474 (Kon-

436 2478 517 2531 sul
554 2482 638 2543 95,
683 2478 877 2531 Censor
911 2482 994 2543 92,
1041 2483 1174 2545 gest.
1211 2480 1324 2543 91);
1370 2494 1463 2530 aus

436 2546 527 2599 der
560 2548 763 2600 fiinl'ten
802 2547 858 2601 C.
893 2546 1135 2600 Aurelius
1172 2547 1321 2599 Cotta
1358 2546 1491 2599 und.

436 2615 493 2666 P.
531 2614 816 2681 Sulpicius:
862 2631 956 2669 aus
1001 2616 1092 2667 der
1127 2617 1365 2674 sechsten
1402 2613 1462 2675 Q.

435 2682 739 2735 Hortensius
774 2681 990 2746 (Konsul
1022 2686 1106 2747 69)
1143 2684 1249 2736 und
1285 2684 1463 2736 Cicero

437 2749 616 2802 selbst.
695 2737 951 2815 Ubrigens
1005 2752 1268 2804 euthalten
1322 2750 1464 2804 diese

434 2816 633 2880 Worte,
668 2817 868 2869 welche
892 2818 1027 2869 noch
1051 2819 1104 2868 in
1141 2818 1224 2871 die
1248 2817 1465 2871 Rection

435 2900 540 2937 von
602 2885 862 2937 traditum
921 2890 1002 2935 est
1058 2886 1466 2953 hineingezogeu

438 2953 583 3018 sind,
642 2953 792 3005 einen
846 2953 1017 3005 davon
1071 2954 1467 3021 unabhangigen

439 3020 741 3085 Gedanken,
776 3021 878 3072 und
906 3021 1194 3073 deutlicher
1218 3024 1356 3074 ware
1381 3038 1468 3089 ge·

440 3104 644 3142 wesen:
673 3089 802 3140 inde
820 3092 898 3141 ita
917 3092 1107 3155 magni
1125 3094 1468 3143 exstiterunt.

511 3162 558 3212 2.
614 3155 727 3209 Von
773 3159 916 3209 nihil
955 3162 1171 3210 omnino
1219 3159 1315 3224 gilt
1350 3159 1468 3211 das-

443 3227 587 3347 selfie
624 3226 725 3277 wie
760 3241 865 3278 von
900 3242 1053 3278 nemo
1091 3231 1326 3293 omnino,
1363 3229 1467 3294 vgl.

441 3312 485 3348 z.
565 3333 578 3347 .
616 3297 665 3358 6,
705 3296 783 3348 16.

511 3368 564 3429 3.,
603 3364 781 3414 lumen
824 3363 1128 3415 litterarum
1147 3364 1268 3418 Lat.
1293 3364 1468 3430 glanz·

440 3431 581 3483 volle
604 3430 930 3497 Darstellung
965 3431 1016 3483 in
1054 3432 1144 3484 der
1177 3434 1468 3485 romischen

435 3500 735 3552 Litteratur.
817 3498 933 3566 Vgl.
979 3517 1030 3569 p.
1077 3501 1228 3555 Arch.
1278 3504 1336 3564 6,
1374 3505 1464 3554 14:

442 3584 578 3635 quae
622 3570 863 3620 iacerent
904 3572 967 3619 in
1002 3571 1233 3620 tenebris
1269 3572 1471 3636 omnia,

440 3639 550 3688 nisi
586 3636 891 3687 litterarum
929 3639 1108 3690 lumen
1143 3638 1430 3690 accederet.

511 3709 558 3758 7.
608 3706 673 3754 ab
709 3707 925 3769 optimis
948 3706 1058 3757 illis
1081 3707 1310 3771 quidem·
1368 3705 1468 3758 Der

439 3773 696 3826 ironische
724 3772 990 3825 Gebrauch
1015 3789 1116 3826 von
1142 3777 1375 3841 optimus
1396 3775 1466 3827 ist

441 3842 561 3895 sehr
596 3838 788 3906 hfiufig.
844 3843 957 3893 Illis
991 3845 1078 3907 (ιι
1102 3859 1166 3894 an
1204 3843 1335 3906 sich)
1371 3858 1468 3895 vor

1561 1660 1775 1725 quidem
1809 1661 2097 1728 entspricht
2132 1661 2248 1713 dem
2272 1660 2598 1737 regelmatsi3

1562 1742 1663 1794 gen
1707 1728 2003 1790 Gebrauch;
2066 1728 2200 1781 deun
2252 1729 2335 1781 bei
2379 1728 2592 1781 Einriiu·

1561 1811 1787 1862 mungen
1823 1797 1917 1848 mit
1941 1797 2155 1863 quidem
2194 1796 2319 1850 wird
2354 1813 2449 1849 vor
2484 1795 2592 1850 di'e-

1562 1878 1699 1928 sem,
1756 1879 1909 1916 wenn
1961 1866 2046 1917 ein
2097 1866 2214 1929 sed,
2267 1866 2362 1917 sed
2411 1870 2592 1917 tamen

1562 1931 1687 1985 oder
1709 1949 1836 1983 vero
1873 1933 2021 1999 solgt,
2057 1935 2110 1984 in
2135 1934 2225 1986 der
2248 1939 2406 2000 guten
2430 1933 2591 1986 Prosa

1562 2003 1693 2052 stets
1731 2001 1813 2051 ein
1850 1999 2003 2055 Pron.
2042 2002 2438 2067 eingeschaltet,
2485 2001 2592 2054 und

1562 2067 1675 2119 dies
1710 2067 1873 2119 findet
1908 2068 2040 2120 auch
2075 2069 2211 2120 daun
2248 2074 2400 2133 statt,
2439 2063 2624 2122 wenn⁴

1563 2136 1707 2188 nicht
1774 2136 1909 2187 zwei
1967 2136 2243 2188 Pradikate
2316 2137 2597 2190 desselben

2638 1127 2695 1176 10

2644 1557 2704 1605 15

1564 2203 1711 2269 Subj.
1800 2204 2044 2256 einander
2131 2210 2601 2270 entgegengesetzt
2677 2240 2684 2246 -

1564 2272 1789 2338 werden.
1862 2270 1932 2325 So
1968 2276 2126 2325 unten
2164 2273 2196 2339 ξ
2234 2275 2286 2325 9:
2326 2275 2601 2325 neminem

1565 2345 1626 2392 tu
1674 2340 1887 2407 quidem
1931 2356 1984 2394 u.
2022 2356 2070 2393 o.
2139 2341 2214 2393 Zu
2263 2339 2377 2392 dem
2425 2341 2603 2393 Inhalt

1566 2408 1656 2461 der
1692 2408 1854 2460 Stelle
1900 2409 2005 2482 vgl.
2042 2413 2220 2461 unten.
2241 2409 2311 2482 .1¹·
2340 2409 2392 2474 3,
2415 2413 2471 2472 7;
2507 2410 2598 2465 lV.

1568 2481 1597 2530 3
1654 2479 1687 2530 6
1722 2494 1771 2528 u.
1810 2480 1855 2528 7.

1603 2517 1683 2600 ’9.
1735 2547 1940 2595 sentiat
1983 2543 2170 2609 denkt,
2216 2546 2317 2597 wie
2354 2544 2410 2600 11.
2447 2549 2505 2610 3,
2545 2551 2597 2600 7.

1566 2613 1638 2666 So
1672 2629 1827 2664 sema
1863 2607 2172 2678 Gedankeh,
2205 2614 2311 2680 vgl.
2350 2614 2413 2666 de
2449 2630 2522 2667 or.
2558 2615 2599 2666 1.

1570 2684 1618 2745 8,
1643 2683 1735 2733 32:
1771 2684 2076 2746 exprimere
2110 2682 2337 2734 dicendo
2370 2699 2544 2735 sensa.

1638 2754 1691 2800 et
1708 2778 1771 2787 -—
1791 2764 1900 2800 non
1929 2752 2123 2816 possit,
2158 2766 2199 2804 s.
2226 2767 2272 2805 z.
2307 2752 2394 2816 38,
2418 2754 2509 2805 92:
2535 2758 2603 2812 ‚et

1569 2820 1800 2870 dubitas.

1626 2889 1707 2941 10.
1728 2901 2060 2951 quemquam,
2071 2887 2125 2938 in
2136 2886 2393 2954 positiven
2406 2884 2597 2937 Satzen

1569 2978 1638 2999 τε
1657 2955 1794 3022 auch
1814 2969 1910 3006 nur
1934 2955 2115 3020 irgend
2141 2954 2299 3017 einer,
2332 2954 2463 3006 auch
2498 2969 2599 3004 nur

1570 3024 1661 3075 der
1698 3023 1978 3089 geringste.
2050 3021 2122 3073 So
2158 3023 2211 3074 in
2247 3022 2354 3074 Cat.
2389 3022 2425 3076 1.
2461 3024 2509 3084 2,
2534 3023 2597 3073 6:

1572 3092 1747 3155 Quam
1792 3092 1889 3142 diu
1936 3092 2219 3156 quisquam
2264 3094 2372 3142 erit
2415 3091 2510 3155 qui
2545 3095 2599 3139 te

1572 3158 1858 3220 defendere
1893 3158 2107 3224 audeat,
2143 3161 2303 3211 vives.

1643 3229 1724 3282 13.
1759 3230 1869 3293 ipsi
1903 3226 2077 3292 allein,
2113 3226 2214 3278 wie
2241 3229 2404 3278 αὐτὸς
2425 3225 2503 3277 oft
2525 3251 2596 3271 =-.
2644 3276 2651 3282 ,

1575 3295 1643 3346 ist
1674 3298 1862 3362 μόνος.
1898 3324 1967 3334 —-
2003 3310 2123 3346 eum
2168 3298 2284 3346 suis
2318 3296 2414 3347 mit
2446 3293 2596 3345 ihren

1569 3363 1781 3424 Leuten,
1817 3363 1961 3415 ihren
1996 3363 2323 3428 Anhangern.
2379 3361 2491 3428 Vgl.
2528 3362 2596 3413 ad

1569 3432 1674 3483 Au.
1715 3430 1847 3488 XIV.
1888 3435 1978 3494 12,
2015 3433 2071 3485 2:
2125 3431 2395 3494 Octavius,
2440 3446 2600 3495 quem

1568 3500 1782 3565 quidem
1826 3503 1914 3550 sui
1951 3499 2231 3551 Caesarem
2269 3500 2599 3563 salutabant,

1567 3569 1849 3635 Philippus
1882 3583 1993 3619 non
2027 3571 2173 3620 item.

1643 3640 1719 3689 15.
1741 3639 1791 3686 si
1813 3636 2025 3701 aliquid
2051 3651 2205 3688 wenn
2229 3634 2409 3701 irgend
2433 3638 2600 3686 etwas

1571 3702 1967 3767 Wesentliehes‚
1980 3719 2131 3755 wenn
2152 3702 2388 3755 wirklich
2415 3708 2600 3766 etwas,

1570 3773 1672 3824 wie
1693 3773 1727 3839 ξ
1750 3778 1805 3827 5:
1835 3775 1886 3823 εἰ
1905 3775 2154 3838 occupati
2166 3770 2479 3839 profuimus
2498 3770 2600 3821 ali·

1573 3842 1708 3907 quid
1716 3861 1738 3905 ,·
1755 3841 2054 3903 attulimus,
2069 3842 2341 3907 sc.populo
2353 3854 2600 3891 romano.
