2834 4317
332 781 410 837 25

424 178 505 237 66

404 331 409 338 ι

402 343 407 352 ι

234 355 407 554 s*

1134 177 1324 231 LIBER
1357 177 1395 232 l.
1435 180 1518 241 24,
1556 180 1637 232 59.
1676 178 1758 241 25,
1794 178 1875 229 60.

427 359 631 413 natum
662 360 752 413 est
778 351 1013 425 missus,
1060 349 1289 423 Cineae,
1330 357 1552 428 quanta
1582 368 1777 428 nuper
1806 348 2179 423 Charmadas,
2210 356 2448 428 quanta,
2483 349 2586 427 qui

425 437 602 498 modo
643 436 773 510 fuit,
820 435 1100 514 Scepsius
1140 434 1533 508 MetrodoruS‚
1580 443 1800 512 quanta
1843 442 2048 495 noster
2077 433 2467 507 Hortensius3
2513 433 2588 495 de

427 522 731 583 communi
776 521 1087 583 hominum
1130 519 1417 581 memoria
1461 519 1676 597 loquor
1707 527 1768 580 et
1796 538 2005 580 eorum
2050 537 2342 593 maxume,
2390 518 2492 598 qui
2523 520 2585 579 in

424 607 621 686 aliquo
654 606 875 667 maiore
907 605 1103 667 studio
1136 616 1194 666 et
1222 613 1347 666 arte
1388 613 1723 680 versantur,
1771 622 2027 683 quorum
2063 613 2283 684 quanta
2313 623 2485 666 mens
2515 604 2591 665 sit

426 692 665 753 difficile
696 698 785 753 est
814 691 1147 752 existimare
1164 708 1181 765 ;
1213 690 1292 751 ita
1322 691 1507 751 multa
1536 690 1961 751 meminerunt.

601 776 872 847 Quorsus
929 776 1110 855 igitur
1165 775 1311 836 haec
1353 783 1585 856 spectat
1630 773 1862 836 oratio?
1934 776 2097 848 Quae
2141 775 2217 836 sit
2260 774 2357 835 illa
2402 773 2489 835 vis
2533 784 2593 834 et

321 873 381 921 60
424 862 586 923 unde
618 862 695 923 sit
722 860 1188 940 intellegendum
1220 869 1388 940 puto,
1450 861 1582 922 Non
1617 869 1707 923 est
1746 870 1909 922 certe
1940 879 2054 922 nec
2083 859 2281 921 cordis
2312 877 2424 920 nec
2455 877 2596 920 san-

428 947 624 1027 guinis
656 965 770 1008 nec
801 946 1029 1007 cerebri
1061 965 1174 1007 nec
1198 955 1568 1021 atomorum3
1601 946 1832 1007 animae
1863 947 1939 1007 sit
1960 946 2197 1025 ignisne
2222 944 2444 1019 nescio,
2479 962 2593 1005 nec

426 1052 522 1094 me
545 1031 750 1112 pudet,
774 1041 842 1093 ut
865 1032 1028 1106 istoS,
1056 1031 1224 1093 fateri
1249 1032 1483 1093 nescire
1502 1030 1662 1110 quod
1688 1030 1981 1108 nesciam3
2006 1030 2168 1111 illud,
2193 1030 2242 1091 si
2264 1030 2377 1091 ulla
2390 1029 2500 1090 alia
2517 1028 2593 1089 de

428 1136 496 1178 re
542 1118 794 1178 obscura
837 1118 1147 1178 adfirmare
1190 1135 1448 1196 possem,
1495 1116 1614 1178 sive
1657 1117 1851 1177 anima
1883 1117 2003 1178 sive
2034 1116 2188 1196 ignis
2229 1116 2306 1176 sit
2335 1115 2591 1188 animus,

430 1221 567 1264 eum
598 1202 857 1263 iurarem
888 1221 1018 1263 esse
1047 1201 1329 1263 divinum.
1391 1202 1549 1274 Quid
1580 1199 1786 1263 enim?
1821 1201 2070 1264 obsecro
2100 1209 2179 1274 te,
2211 1210 2449 1262 terrane
2478 1198 2590 1260 tibi

426 1340 680 1401 protinus
713 1336 918 1387 dicitur
959 1337 1254 1388 reddidisse
1295 1335 1461 1387 Theo-

433 1405 621 1457 deetes.

501 1474 548 1525 1.
587 1472 776 1522 Cineas
817 1486 909 1523 aus
950 1471 1270 1536 Thessalico,
1308 1471 1461 1523 eben-

431 1539 549 1589 falls
575 1538 652 1589 als
671 1537 873 1590 Reduer
892 1540 1302 1602 ausgezeichnet.
1342 1537 1460 1604 Vgl.

430 1606 548 1659 Sen.
577 1605 818 1658 Controv.
843 1605 878 1657 Ι.
906 1621 1158 1672 prooem:
1187 1607 1375 1658 Cineas
1392 1635 1461 1644 —

430 1678 623 1725 missus
649 1689 682 1723 a
706 1676 918 1741 Pyrrho
943 1674 1153 1738 legatus
1176 1675 1249 1725 ad
1267 1673 1461 1726 Roma-

429 1759 528 1793 nos
581 1741 730 1805 (nach
777 1741 867 1793 der
904 1740 1147 1793 Schlacht
1190 1742 1275 1793 bei
1312 1742 1467 1795 Hera·

429 1810 565 1872 klea,
603 1811 703 1861 280
729 1825 780 1864 V.
801 1809 952 1874 can),
991 1814 1213 1875 postero
1249 1810 1336 1860 die
1371 1827 1465 1861 no-

429 1893 528 1928 vus
572 1878 729 1927 homo
775 1882 829 1926 et
869 1881 1115 1928 senatum
1162 1882 1216 1927 et
1259 1893 1465 1929 omnem

430 1946 699 1996 urbanam
725 1944 1109 2005 circumfusam
1139 1946 1347 2010 plebem
1368 1962 1467 1997 no-

428 2016 667 2065 minibus
700 2016 815 2063 suis
841 2014 1221 2079 per-salutavit.

502 2081 855 2144 Charmadas,
903 2079 1187 2148 Philosoph
1234 2098 1338 2134 von
1375 2082 1465 2135 der

431 2148 715 2201 Akademie
762 2148 865 2200 und
913 2149 1098 2201 Lehrer
1142 2148 1232 2201 der
1277 2149 1463 2202 Bered-

433 2216 671 2280 samkeit,
697 2216 788 2268 des
807 2216 1102 2269 Karneades
1119 2216 1351 2282 Schfiler,
1374 2233 1463 2269 um

437 2289 534 2340 110
558 2300 609 2336 v.
636 2285 751 2339 Chr.
811 2285 989 2337 Dieser
1010 2286 1116 2337 und
1140 2286 1464 2339 Metrodorus

435 2353 643 2406 werden
679 2353 811 2405 auch
857 2353 922 2406 de
967 2369 1039 2406 or.
1064 2353 1099 2406 1.
1130 2356 1208 2417 11,
1234 2357 1300 2407 45
1325 2371 1377 2406 u.
1402 2354 1465 2408 ΙΙ.

436 2425 518 2487 88,
541 2423 643 2475 360
683 2437 864 2487 wegen
903 2421 1040 2473 ihres
1066 2420 1465 2474 Gediichtnisses

435 2490 687 2557 geriihmt.
711 2517 782 2529 —
804 2505 978 2556 nuper
1015 2489 1142 2541 wird
1178 2490 1311 2542 oster
1334 2492 1466 2543 auch

433 2575 537 2611 von
574 2560 714 2611 einer
749 2558 1097 2610 entsernteren
1133 2557 1463 2625 Vergangen-

435 2626 544 2679 heit
578 2626 879 2692 gebraucht.

504 2696 553 2746 2.
606 2694 949 2745 Metrodorus
1010 2710 1103 2746 aus
1152 2692 1365 2761 Skepsis
1410 2695 1465 2746 in

435 2760 624 2823 Troas,
670 2761 801 2812 auch
845 2762 929 2812 ein
966 2760 1181 2813 Schfiler
1216 2762 1307 2814 des
1341 2762 1468 2815 Kar·

437 2827 625 2880 neades
695 2827 800 2879 und
860 2828 937 2879 als
994 2827 1468 2883 Mnemotechniker

438 2894 689 2948 ebensalls
765 2894 901 2947 oster
970 2896 1230 2959 erwiihnt‚
1302 2902 1467 2951 etwas

428 2966 618 3030 junget
667 2963 744 3014 als
790 2962 1099 3015 Charmadas
1151 2964 1330 3029 (daher
1382 2967 1466 3019 bei

437 3032 527 3084 Ch.
551 3046 738 3097 nuper,
775 3030 860 3082 hei
885 3031 952 3083 M.
980 3033 1173 3096 modo).
1221 3032 1468 3100 Scepsius

437 3099 576 3152 steht
609 3114 705 3151 vor
739 3097 855 3150 dem
893 3098 1265 3167 Eigennamen,
1308 3102 1371 3153 da
1409 3119 1467 3155 es

440 3185 488 3223 u.
513 3183 560 3220 a.
599 3168 729 3218 auch
767 3166 915 3219 einen
955 3168 1325 3237 Lampsacener
1360 3171 1467 3221 Me-

438 3237 693 3370 trodorus
735 3234 1056 3302 (Epikureer)
1100 3238 1201 3304 gab
1246 3237 1321 3304 (11.
1347 3240 1377 3290 3
1396 3278 1409 3304 ,
1437 3243 1467 3292 8

440 3321 489 3360 u.
516 3307 566 3369 6,
595 3308 654 3358 17
683 3342 696 3356 .

507 3374 566 3438 Q.
602 3373 943 3437 Hortensius,
979 3372 1067 3424 der
1103 3378 1267 3426 etwas
1305 3374 1467 3427 altere

439 3442 706 3492 berfihmte
752 3438 1114 3493 Nebenbuhler
1159 3441 1362 3494 Ciceros
1414 3444 1469 3494 in

439 3509 530 3560 der
548 3507 951 3574 Beredsamkeit,
971 3509 1086 3574 geb.
1104 3512 1218 3572 114,
1238 3515 1370 3575 gest.
1384 3513 1468 3563 50.

441 3563 580 3628 Uber
605 3576 714 3627 sein
737 3575 1048 3629 Gedachtnis
1066 3583 1184 3644 sagt
1202 3578 1304 3629 Cic.
1328 3577 1469 3631 Brut.

441 3646 526 3709 88,
541 3647 668 3696 301:
703 3648 965 3696 memoria
1000 3651 1172 3711 tanta,
1209 3650 1470 3711 quantam

441 3717 501 3763 in
535 3713 686 3763 nullo
732 3715 1040 3777 cognovisse
1085 3730 1167 3765 me
1204 3716 1469 3778 arbitror,

440 3786 516 3844 ul,
550 3797 686 3846 quae
708 3796 884 3831 seeum
910 3787 1294 3835 commentatus
1320 3789 1468 3846 esset,

442 3867 502 3900 ea
528 3853 645 3899 se‘ne
678 3851 878 3915 scripto
915 3854 1088 3903 verbis
1122 3853 1317 3905 eisdem
1352 3853 1469 3904 red-

1566 1335 1737 1399 deret,
1792 1337 1985 1400 quibus
2038 1337 2393 1399 cogitavisset.
2474 1333 2592 1383 Hoc

1564 1404 1870 1454 adiumento
1906 1403 1999 1455 ille
2035 1408 2184 1454 tanto
2218 1405 2295 1452 sie
2317 1403 2593 1464 utebatur,

1564 1475 1629 1523 ut
1672 1476 1725 1522 et
1768 1488 1869 1522 sua
1904 1475 2255 1522 commentata
2301 1475 2354 1521 et
2386 1472 2592 1534 scripta

1563 1546 1616 1591 et
1646 1539 1801 1590 nullo
1836 1538 2102 1600 referente
2127 1541 2306 1590 omnia
2343 1537 2593 1588 adversa-

1563 1610 1774 1659 riorum
1811 1608 1954 1658 dieta
1990 1610 2327 1659 meminisset.

1631 1680 1839 1740 noster,
1893 1675 1991 1726 den
2027 1675 2277 1728 Griechen
2314 1678 2595 1740 entgegen-

1570 1748 1794 1809 gesetzt:
1833 1758 1988 1795 unser
2023 1744 2360 1796 Landsmann.

1638 1831 1686 1879 5.
1742 1829 2082 1891 existimare,
2137 1829 2280 1880 nicht
2324 1827 2488 1878 selten
2524 1850 2598 1870 =

1566 1895 1872 1960 heurteilen,
1908 1896 2235 1949 abschatzen.

1636 1983 1686 2033 9.
1721 1986 1784 2030 ut
1807 1983 1962 2032 istos:
2000 1980 2102 2032 alle
2127 1980 2229 2046 die,
2254 1978 2467 2040 welche,
2493 1977 2599 2027 wie

1568 2047 1650 2100 die
1689 2046 1913 2110 Stoiker‚
1950 2050 2064 2099 eine
2100 2048 2397 2099 bestimmte
2432 2044 2599 2096 Lehre

1566 2116 1695 2168 iiber
1729 2116 1825 2167 den
1866 2115 2008 2167 Geist
2043 2122 2334 2181 vortragen.
2508 2156 2520 2172 .

1631 2187 1856 2246 nescire,
1879 2184 2014 2236 ohne
2033 2200 2130 2246 me,
2150 2184 2270 2234 weil
2297 2183 2408 2233 dies
2434 2181 2601 2233 sehon

1565 2252 1649 2304 bei
1685 2251 1802 2304 dem
1840 2250 2411 2317 regierendenVerbum
2439 2249 2600 2310 steht,

1565 2321 1667 2373 wie
1703 2320 1767 2372 de
1803 2320 1942 2371 deor.
1969 2335 2018 2372 n.
2041 2319 2077 2371 1.
2105 2321 2336 2387 39,109:
2370 2318 2607 2384 puderet

1563 2404 1647 2439 me
1685 2390 1865 2441 dicere
1899 2404 2010 2439 non
2045 2389 2372 2453 intellegere.

1633 2456 1789 2522 illud,
1828 2457 1984 2509 nfiml.
2029 2472 2149 2507 eum
2186 2473 2295 2507 esse
2332 2455 2603 2514 divinum,

1565 2524 1635 2577 ist
1668 2540 1770 2577 von
1807 2527 2048 2576 iurarem
2084 2524 2356 2591 abhangig.

1641 2613 1722 2664 10.
1755 2609 2050 2673 adfirmare
2085 2611 2178 2661 mit
2216 2607 2603 2662 Bestimmtheit

1568 2679 1837 2746 sprechen.
1910 2678 2030 2729 Dies
2063 2678 2258 2730 konnte
2296 2678 2398 2732 Cic.
2436 2673 2603 2726 sehon

1570 2747 1701 2798 nach
1738 2746 1854 2798 dem
1893 2745 2212 2799 Grundsatze
2247 2745 2336 2797 der
2371 2757 2600 2797 neueren

1567 2813 1856 2865 Akademie
1892 2814 2097 2876 nicht3
2143 2815 2251 2880 vgl.
2286 2817 2335 2874 9,
2375 2815 2456 2878 17,
2494 2811 2605 2861 und

1574 2886 1663 2945 17,
1689 2886 1772 2937 40.
1846 2882 1917 2934 Zu
1965 2883 2081 2935 dem
2128 2883 2274 2946 Conj.
2319 2881 2491 2933 Praes.
2526 2881 2606 2929 sit

1569 2949 2149 3082 ἔξὲ..ἶῖ.ῗῗ·.ἓ.ἕ.;.ἓῗ
2164 2951 2607 3083 ‘affimzss‘ssfzi

1570 3087 1653 3138 hil
1683 3085 1990 3151 referatur,
2038 3091 2146 3137 ista
2190 3104 2291 3138 sua
2324 3089 2512 3153 sponte
2549 3088 2606 3133 et

1563 3171 1665 3222 per
1698 3172 1754 3206 se
1788 3172 1897 3205 esse
1930 3156 2194 3220 iucunda,
2241 3171 2343 3221 per
2375 3171 2433 3205 se
2464 3156 2608 3204 esset

1570 3227 1624 3273 et
1644 3227 1819 3275 virtus
1843 3229 1894 3274 et
1918 3227 2159 3288 cognitio
2183 3239 2368 3275 rerum
2401 3250 2471 3263 -—
2507 3236 2608 3271 ex-

1564 3292 1815 3356 pelenda.

1643 3379 1727 3430 11.
1747 3375 1893 3440 Quid
1914 3378 2090 3427 enim?
2111 3391 2154 3430 s.
2179 3392 2223 3429 z.
2243 3377 2326 3428 lV.
2347 3379 2397 3441 4,
2418 3379 2475 3437 8;
2502 3378 2608 3428 Ιιοο

1573 3448 1911 3495 —eonereta
1949 3444 2030 3496 ein
2066 3444 2119 3496 in
2156 3444 2322 3498 dieser
2359 3444 2604 3509 nebligen

1572 3511 1677 3563 und
1714 3511 1960 3564 dusteren
1995 3512 2176 3565 Atmos
2217 3514 2337 3565 hare
2381 3528 2475 3565 aus
2511 3512 2608 3564 der

1573 3578 1704 3631 Erde
1732 3586 2123 3646 entsprossenes
2143 3598 2173 3632 o
2212 3597 2266 3633 er
2284 3596 2608 3634 zusammen—

1570 3652 1833 3713 gesetztes
1870 3648 2168 3716 ErzeugniS.
2228 3650 2326 3701 Der
2362 3649 2477 3700 ΑΜ.
2503 3650 2609 3699 hoe

1570 3743 1641 3754 —
1664 3718 1814 3768 eaelo
1842 3716 1956 3782 sfigt
1978 3717 2127 3770 einen
2157 3718 2403 3770 weiteren
2428 3716 2608 3769 Grund

1571 3784 1745 3848 hinzu,
1784 3785 2016 3837 weshalb
2052 3785 2134 3837 die
2160 3785 2408 3851 fragliehe
2436 3784 2607 3837 Sache

1571 3853 1869 3920 unmoglich
1905 3853 1988 3905 ist.

2638 705 2670 752 5

2645 1131 2713 1180 10
