2834 4317
954 143 1141 196 LIBER
1176 143 1211 195 l.
1253 146 1333 209 18,
1369 147 1455 198 42.
1496 147 1577 210 19,
1614 148 1699 230 43.
2330 147 2411 204 55

234 307 454 395 quihus
502 316 708 377 omnia
754 323 1030 377 constare
1075 315 1374 390 dicuntur,
1422 335 1494 377 ex
1524 288 1883 377 inflammata
1930 317 2125 379 anima
2156 329 2409 394 constat,

26 445 29 464 ι
237 412 305 463 ut
350 401 731 498 potissimum
762 400 945 461 videri
974 399 1142 461 video
1173 400 1473 477 Panaetio,
1519 400 1829 481 superiora
1866 414 2133 488 capessat
2165 423 2411 467 necesse

26 475 29 574 [
241 496 353 548 est.
414 486 574 547 Nihil
605 486 767 547 enim
798 484 1023 547 habent
1051 485 1198 546 haec
1230 486 1348 547 duo
1381 504 1599 565 genera
1631 486 1811 565 proni
1842 495 1901 548 et
1903 506 2146 585 supera
2176 508 2412 569 semper

26 579 27 584 ’
242 581 484 651 petunt.
546 572 651 647 lta,
697 571 818 633 sive
849 570 1229 650 dissipantur,
1259 571 1474 650 procul
1501 590 1535 633 a
1563 571 1739 633 terris
1770 571 1829 632 id
1860 574 2075 647 evenit,
2120 574 2240 635 sive
2270 594 2410 654 per-

170 665 196 713 5
240 667 495 718 manent
537 666 598 717 et
641 664 1000 718 conservant
1027 655 1298 717 habitum
1328 675 1523 732 suum,
1570 655 1686 718 hoc
1729 657 1899 718 etiam
1948 658 2133 737 magis
2164 677 2410 721 necesse

243 752 338 818 est
367 743 641 804 serantur
662 740 734 802 ad
767 742 992 803 caelum
1025 751 1085 803 et
1113 740 1185 801 ab
1217 742 1290 802 iis
1319 750 1744 821 perrumpatur
1773 752 1834 803 et
1862 741 2152 804 dividatur
2175 763 2411 806 crassus

244 827 344 888 hic
374 836 436 888 et
465 837 782 889 concretus
814 838 931 903 aer,
964 827 1066 906 qui
1097 836 1187 888 est
1214 837 1410 905 terrae
1441 826 1770 906 proximuS.
1834 827 2089 889 Calidior
2128 839 2218 891 est
2246 830 2405 891 enim

243 911 333 973 vel
366 912 568 992 potius
596 913 901 974 ardentior
943 913 1177 973 animus
1221 930 1400 991 quam
1431 920 1521 974 est
1549 912 1647 973 hic
1690 922 1810 987 aer,
1858 932 2034 992 quem
2079 916 2258 976 modo
2290 915 2407 978 dixi

26 1011 37 1126 f
246 1016 513 1059 crassum
543 1007 721 1077 atque
751 1008 1119 1073 concretum,
1167 998 1327 1076 quod
1358 1017 1432 1058 ex
1464 1016 1533 1059 eo
1565 998 1704 1059 sciri
1732 1007 1948 1078 potest,
1983 1000 2120 1078 quia
2152 1019 2407 1080 corpora

154 1101 206 1149 10
246 1092 470 1158 nostra,
500 1092 744 1144 terreno
772 1083 1214 1163 principiorum
1237 1102 1459 1161 genere
1484 1084 1776 1158 confecta,
1807 1083 2020 1145 ardore
2045 1085 2228 1147 animi
2259 1106 2408 1148 con-

243 1168 565 1230 calescunt.

410 1253 670 1327 Accedit,
716 1261 783 1313 ut
826 1271 898 1312 eo
943 1251 1172 1313 facilius
1217 1252 1452 1314 animus
1495 1253 1700 1313 evadat
1742 1272 1815 1313 ex
1859 1254 1975 1314 boc
2020 1264 2177 1329 aere,
2225 1248 2401 1335 quem
2422 1263 2500 1319 19
2691 1319 2700 1326 ,

240 1356 417 1419 saepe
460 1338 578 1399 iam
622 1337 884 1417 appello,
932 1355 1187 1416 eumque
1229 1347 1610 1417 perrumpat,
1670 1338 1828 1416 quod
1878 1338 2023 1399 nihil
2070 1349 2160 1400 est
2202 1340 2403 1401 animo
2449 1353 2510 1402 43
2591 1325 2686 1420 Ἐξ

239 1424 530 1499 velocius3
590 1422 752 1484 nulla
797 1432 889 1483 est
931 1421 1200 1484 celeritas
1246 1442 1398 1502 quae
1455 1422 1646 1502 possit
1688 1441 1825 1484 cum
1871 1423 2050 1484 animi
2097 1424 2398 1486 celeritate

147 1525 203 1574 15
242 1509 624 1571 contendere.
677 1506 791 1579 Qui
819 1507 870 1569 si
900 1518 1210 1587 permanet
1239 1509 1627 1588 incorruptus
1654 1508 1868 1587 suique
1896 1508 2125 1584 similis,
2157 1529 2402 1573 necesse

242 1605 332 1656 est
360 1595 442 1655 ita
472 1595 714 1668 feratur,
759 1602 826 1654 ut
867 1600 1143 1673 penetret
1173 1603 1232 1653 et
1262 1592 1477 1655 dividat
1509 1612 1686 1654 omne
1731 1593 1959 1668 caelum
2002 1594 2138 1668 hoc,
2185 1596 2245 1657 in
2280 1615 2400 1675 quo

240 1679 450 1751 nubeS,
479 1678 702 1740 imbres
742 1678 1025 1757 ventique
1070 1686 1390 1757 coguntur,
1438 1678 1598 1757 quod
1629 1687 1689 1739 et
1720 1679 1987 1740 umidum
2026 1690 2086 1741 et
2115 1680 2399 1760 caligino-

237 1784 369 1826 sum
401 1775 492 1826 est
521 1773 768 1861 propter
798 1763 1200 1825 exhalationes
1242 1772 1455 1825 terrae.
1530 1763 1719 1835 Quam
1765 1764 2072 1862 regionem
2118 1784 2252 1827 cum
2298 1785 2400 1827 su-

236 1851 462 1948 remu}
520 1849 754 1916 animus
809 1856 1201 1927 naturamque
1243 1849 1333 1911 sui
1379 1848 1630 1910 similem
1675 1850 1927 1929 contigit
1984 1860 2043 1910 et
2100 1851 2399 1930 adgnovit,

132 1952 196 2001 29
237 1935 456 1996 iunctis
487 1953 559 1995 ex
602 1920 799 2019 anima
842 1934 1008 1995 tenui
1053 1942 1114 1994 et
1159 1953 1232 1995 ex
1260 1934 1472 1995 ardore
1503 1934 1646 1996 solis
1674 1944 2002 2014 temperato
2033 1936 2320 2033 ignibus
2304 1956 2399 1997 in-

235 2021 388 2083 sistit
433 2029 493 2081 et
535 2022 731 2094 linem
758 2019 932 2081 altius
976 2038 1040 2080 se
1085 2019 1371 2081 efferendi
1415 2020 1573 2081 facit.
1635 2019 1786 2081 Tum
1833 2021 1991 2081 enim
2022 2022 2115 2082 sui
2144 2021 2396 2083 similem

309 2192 353 2240 1.
387 2190 725 2250 inflammata
750 2187 961 2237 am‘ma:
989 2184 1081 2239 das
1101 2194 1260 2239 πνεῦ-

228 2276 337 2375 ua2
339 2252 1119 2387 .mss‘;fcldlzsuffervo{tolilllffidu8‚
1172 2323 1262 2375 der

440 2341 473 2375 a
549 2341 577 2374 e

228 2393 608 2458 angesehenste
658 2397 809 2444 unter
864 2390 964 2442 den
1020 2390 1261 2443 Stoikern

227 2463 403 2514 seiher
426 2460 538 2512 Zeit
558 2463 665 2525 (um
690 2463 786 2513 140
811 2476 859 2512 v.
881 2459 1034 2526 Chr.),
1063 2458 1260 2512 Freund

225 2528 338 2582 und
356 2528 540 2581 Lehrer
565 2527 695 2581 des
672 2532 928 2608 Jfingeren
955 2527 1129 2593 Scipio
1156 2526 1261 2578 und

226 2598 326 2650 des
339 2597 509 2650 Liilius
521 2596 698 2662 (durch
717 2597 827 2649 sein
842 2594 998 2647 Werk
1016 2599 1142 2664 περὶ
1163 2602 1265 2646 τοῦ

225 2664 583 2732 καθήκοντος
651 2665 856 2716 Ciceros
916 2663 1260 2730 Hauptquelle

225 2735 316 2785 sur
349 2734 492 2787 seiae
528 2732 781 2798 officien).

303 2805 350 2856 3.
386 2803 517 2852 haec
565 2801 672 2853 duo
704 2816 935 2866 genera,
986 2800 1040 2850 in
1086 2798 1260 2864 Bezug

222 2870 321 2922 auf
353 2872 690 2932 inflammata
725 2870 936 2919 anima:
970 2867 1131 2920 Feuer
1156 2867 1260 2920 und

224 2937 362 2990 Luft.

297 3009 345 3058 4.
370 3008 482 3057 eive
506 3005 859 3070 dissipantur.
914 3003 1095 3070 Einige
1121 3001 1260 3055 Stoi-

223 3075 337 3137 ker,
375 3071 686 3125 namentlich
723 3070 993 3135 PanfitiuS,
1033 3072 1260 3123 meinten

224 3141 470 3206 nfimlich,
503 3140 615 3193 dass
639 3141 751 3193 sich
779 3140 861 3192 die
883 3140 1067 3192 Seelen
1101 3138 1261 3192 knrze

227 3211 344 3262 Zeit
382 3210 513 3261 nach
547 3208 665 3261 dem
702 3207 846 3261 Tode
869 3208 1259 3275 verssfichtigen,

225 3278 443 3341 andere,
481 3276 593 3329 dass
637 3277 749 3328 sich
785 3277 904 3341 alle,
939 3275 1132 3328 wieder
1167 3292 1258 3329 an·

224 3346 368 3411 dere,
404 3345 515 3398 dal's
551 3344 661 3397 sich
699 3361 793 3396 nur
829 3344 911 3396 die
935 3344 1023 3396 der
1048 3343 1257 3396 Weisen

224 3422 333 3467 eret
357 3415 411 3465 in
430 3414 547 3465 dem
566 3413 907 3479 allgemeinen
928 3412 1257 3465 Welthrande

223 3486 417 3551 (ἑκπύρ
421 3483 570 3546 mone)
605 3481 865 3534 aul'losen.

294 3553 380 3604 12.
438 3549 664 3601 Accedit
721 3550 866 3616 quod
898 3578 965 3588 --
1000 3549 1259 3600 velocim:

223 3619 412 3670 Ausser
422 3617 541 3670 dem
565 3617 750 3683 seut-ig·
754 3617 1051 3683 luftartigen
1066 3617 1256 3669 Wesen

224 3686 318 3738 der
344 3685 498 3738 Seele
523 3685 716 3750 spricht
751 3685 882 3737 auch
907 3686 1016 3737 ihre
1042 3685 1254 3737 Schnel-

222 3752 413 3819 ligkeit
449 3752 623 3818 daffir,
673 3754 786 3806 dass
837 3754 912 3806 sie
957 3753 1124 3805 sicher
1170 3753 1254 3806 die

222 3822 451 3875 irdische
464 3819 802 3889 Atmosphfire
812 3821 1134 3874 fiberwindet
1151 3822 1254 3875 und

1364 2187 1476 2238 sich
1510 2187 1564 2239 in
1602 2186 1684 2240 die
1729 2188 1809 2239 ihr
1843 2187 2134 2256 adaquaten
2175 2187 2399 2240 bimmli-

1365 2255 1523 2306 seben
1558 2254 1753 2307 Raume
1790 2256 2242 2322 emporschwingt.

1438 2324 1517 2375 16.
1565 2338 1716 2374 omne
1759 2325 1963 2375 caelum
2007 2326 2107 2375 hoc
2150 2329 2275 2376 cet.-
2316 2322 2398 2376 die

1364 2388 1735 2455 Atmosphare,
1790 2392 1892 2442 wie
1953 2391 1985 2455 ξ
2030 2394 2124 2444 60.
2178 2394 2280 2443 hoc
2331 2420 2396 2430 —

1365 2458 1662 2523 caliginoso
1709 2458 1880 2517 caelo;
1926 2457 2157 2523 dagegen
2209 2459 2398 2510 bedeu-

1365 2531 1474 2578 tete
1509 2541 1565 2577 es
1603 2525 1635 2592 5
1670 2527 1736 2577 42
1781 2526 1851 2576 ἰιιι
1888 2524 2174 2589 Gegensatz
2211 2541 2275 2577 zu
2299 2530 2399 2579 aer

1365 2593 1465 2645 den
1499 2593 1726 2645 hoheren
1763 2593 2042 2646 Lustraum.

1435 2665 1517 2716 19.
1556 2662 1831 2727 adgnovit,
1867 2661 1973 2727 vgl.
2012 2664 2059 2726 8,
2096 2663 2177 2714 15.

1433 2733 1517 2783 20.
1550 2732 1750 2781 iunctis
1775 2759 1842 2768 —
1865 2732 2110 2795 ignibus,
2145 2729 2195 2783 d.
2223 2730 2273 2782 h.
2306 2731 2408 2783 aus

1363 2798 1463 2850 den
1482 2797 1765 2851 Gestirnen.
1819 2797 1963 2851 Denn
1982 2798 2065 2850 die
2084 2797 2235 2850 Seele
2256 2798 2394 2851 kann

1363 2866 1475 2918 sich
1521 2867 1653 2918 nach
1701 2866 1789 2919 der
1835 2867 1995 2919 Lehre
2042 2866 2133 2918 der
2187 2866 2396 2920 Stoiker

1362 2938 1607 3000 vermc'ige
1663 2935 1800 2987 ihrer
1840 2934 1998 2987 Natur
2050 2950 2144 2986 nur
2203 2935 2286 2988 bis
2330 2951 2393 2989 zu

1364 3002 1455 3056 der
1481 3002 1676 3055 Grenze
1700 3004 1792 3055 des
1810 3003 2028 3055 Aethere
2051 3002 2156 3054 und
2180 3002 2271 3055 der
2296 3004 2392 3055 rei-

1363 3087 1521 3123 neren
1548 3071 1666 3123 Lurt
1693 3070 1902 3139 (anima
1929 3073 2127 3135 tenuis)
2153 3071 2395 3138 erheben,

1364 3155 1429 3191 an
1471 3139 1693 3191 welcher
1736 3140 1847 3191 sich
1895 3138 1979 3190 die
2025 3138 2259 3192 Gestirne
2303 3140 2391 3192 bea

1362 3206 1552 3273 finden,
1590 3207 1832 3259 wahrend
1869 3208 1953 3260 die
1990 3206 2191 3272 Sonne,
2236 3207 2392 3259 deren

1362 3274 1523 3327 Natnr
1558 3274 1641 3327 die
1665 3275 1844 3328 Gotter
1881 3275 2059 3341 teilen,
2092 3274 2228 3325 noch
2266 3274 2392 3328 uber

1362 3343 1629 3396 dei-selben
1690 3344 1949 3408 schwebt‚
2010 3342 2240 3393 weshalb
2297 3358 2392 3394 nur

1362 3413 1445 3463 ein
1482 3416 1807 3478 temperatus
1855 3411 2024 3462 ardor
2069 3410 2199 3460 solis
2234 3410 2391 3465 dahin

1360 3482 1584 3546 gelangt.

1431 3550 1514 3601 21.
1551 3548 1642 3599 Mit
1665 3565 1721 3598 se
1752 3548 1837 3611 (st.
1861 3547 1968 3609 sui)
2003 3546 2262 3610 efferendi
2284 3547 2390 3613 vgl.

1360 3615 1495 3668 Phil.
1519 3615 1601 3667 lx.
1626 3618 1676 3680 3,
1714 3616 1769 3667 6:
1806 3614 1988 3665 multis
2022 3615 2108 3665 illi
2142 3617 2202 3665 in
2241 3618 2390 3667 urbi-

1359 3687 1481 3746 bm,
1517 3687 1627 3735 iter·
1662 3700 1767 3749 qua
1801 3681 2067 3747 faciebat,
2110 3683 2395 3747 reficiendi

1358 3770 1414 3804 se
1434 3758 1486 3803 et
1510 3752 1742 3803 curandi
1756 3756 1992 3817 potestas
2013 3750 2152 3813 fuist
2178 3749 2242 3802 ad
2268 3751 2390 3803 sam.

1357 3820 1422 3874 X.
1461 3823 1542 3885 33,
1579 3823 1634 3872 5:
1674 3836 1791 3872 cum
1834 3820 1977 3871 nihil
2018 3822 2091 3870 sit
2116 3820 2388 3886 periculo-
