2834 4317
393 209 518 268 148

1143 206 1330 261 LIBER
1364 206 1422 264 11.
1459 209 1541 270 27,
1579 210 1799 261 65-67.

391 381 636 442 viriliter
668 400 791 442 non
826 391 1072 461 queunt.
1132 379 1342 441 Graeci
1372 391 1570 441 autem
1600 380 1892 454 homineS,
1940 398 2061 441 non
2103 380 2242 441 satis
2271 379 2546 453 animosi,

392 467 736 547 prudentes,
782 475 849 526 ut
892 476 981 528 est
1011 474 1216 545 captus
1259 466 1589 541 hominum,
1635 466 1792 540 satis,
1837 466 2070 527 hostem
2108 465 2375 544 aspicere
2423 485 2548 526 non

394 560 675 631 possunt;
708 552 897 612 eidem
926 551 1169 612 morbos
1192 551 1519 612 toleranter
1540 559 1718 630 atque
1738 552 1999 613 humane
2021 551 2242 612 ferunt.
2288 551 2365 611 At
2389 550 2550 612 Cim-

398 637 489 698 bri
522 644 581 698 et
611 635 888 698 Celtiberi
917 637 979 697 in
1010 636 1254 716 proeliis
1285 656 1316 696 e

1556 646 1597 711 t,
1629 637 2031 697 lamentantur
2059 636 2121 697 in
2156 636 2388 696 morbo.
2449 636 2554 697 Ni-

397 723 479 783 hil
509 722 666 783 enim
709 730 906 802 potest
946 740 1074 783 esse
1142 740 1290 801 equa
1336 740 1431 797 ie,
1477 722 1637 800 quod
1676 742 1800 783 non
1832 740 1865 782 a
1896 732 2059 782 certa
2087 722 2320 782 ratione
2366 723 2551 801 profi·
2597 734 2634 783 5

298 864 301 867 ,
398 809 672 870 ciscatur.

1908 815 2343 908 metuat&-

289 905 353 955 66
569 892 682 953 Sed
715 911 852 953 cum
882 890 1078 952 videas
1108 911 1231 965 θος,
1279 892 1380 970 qui
1408 901 1512 953 aut
1539 891 1735 954 studio
1780 900 1880 952 aut
1911 901 2194 971 opimone
2240 892 2556 965 ducantur,

400 979 462 1038 in
495 996 566 1037 eo
600 977 1012 1057 persequendo
1058 985 1235 1056 atque
1266 977 1646 1057 adipiscendo
1679 977 1884 1038 dolore
1917 996 2039 1038 non
2080 977 2297 1056 frangi,
2342 978 2558 1038 debeas

399 1062 733 1128 existimare
779 1071 880 1123 aut
913 1081 1036 1123 non
1083 1082 1213 1124 esse
1242 1062 1462 1123 malum
1493 1062 1759 1123 dolorem
1789 1071 1907 1137 aut,
1955 1063 2128 1123 etiam
2158 1062 2226 1135 si,
2271 1062 2556 1141 quicquid

399 1166 679 1228 asperum
736 1147 1118 1227 alienumque
1178 1155 1389 1209 natura
1447 1148 1551 1221 sit,
1608 1148 1665 1208 id
1719 1146 2001 1228 appellari
2046 1147 2276 1226 placeat
2320 1148 2555 1220 malum,
2603 1159 2669 1208 10

405 1233 696 1295 tantulum
743 1242 942 1293 tamen
989 1251 1149 1307 esse,
1207 1241 1273 1293 ut
1318 1251 1349 1293 a
1394 1233 1609 1294 virtute
1666 1234 1744 1293 ita
1789 1232 2096 1306 obruatur,
2150 1240 2218 1293 ut
2264 1251 2559 1311 nusquam

400 1329 703 1398 appareat.
765 1317 929 1389 Quae
973 1317 1277 1393 meditare,
1325 1337 1580 1397 quaeso,
1625 1318 1749 1380 dies
1795 1326 1855 1377 et
1899 1319 2122 1391 noctis;
2180 1318 2353 1379 latius
2397 1318 2561 1378 enim

402 1404 668 1465 manabit
697 1404 844 1465 haec
886 1404 1035 1464 ratio
1080 1412 1140 1463 et
1183 1404 1487 1482 aliquanto
1532 1405 1816 1465 maiorem
1859 1403 2057 1464 locum
2102 1422 2280 1482 quam
2325 1404 2396 1464 de
2436 1422 2563 1463 uno

403 1489 611 1550 dolore
637 1488 969 1568 occupabit.
1014 1488 1161 1552 Nam
1184 1489 1233 1550 si
1259 1490 1460 1550 omnia
1482 1488 1796 1569 fugiendae
1817 1489 2202 1567 turpitudinis
2226 1488 2561 1568 adipiscen-

324 1641 327 1646 ,
405 1575 632 1655 daeque
671 1574 997 1634 honestatis
1041 1591 1217 1634 causa
1261 1575 1562 1648 faciemuS,
1610 1593 1733 1636 non
1780 1575 1956 1634 modo
2003 1573 2271 1636 stimulos
2317 1573 2560 1646 doloriS‚
2609 1585 2673 1635 15

304 1723 309 1735 ζ
406 1659 510 1721 sed
543 1660 717 1720 etiam
736 1658 985 1722 fulmina
1016 1659 1289 1720 fortunae
1314 1669 1769 1720 contemnamus
1800 1657 2018 1732 licebit,
2051 1659 2400 1738 praesertim
2423 1676 2564 1719 cum

300 1756 356 1805 67
406 1754 678 1825 paratum
721 1743 797 1804 sit
824 1743 970 1804 illud
1011 1762 1083 1803 ex
1112 1743 1392 1805 hesterna
1423 1743 1822 1824 disputatione
1866 1746 2226 1824 perfugium.
2285 1743 2363 1805 Ut
2400 1744 2563 1804 enim

410 1831 461 1891 si
506 1830 603 1891 cui
649 1825 975 1907 naviganti,
1021 1829 1354 1908 praedones
1398 1830 1448 1891 si
1493 1830 1917 1909 insequantur,
1960 1830 2119 1909 ⁸deus
2163 1829 2267 1909 qui
2319 1828 2564 1891 dixerit-t

409 2015 478 2064 ist
503 2004 921 2070 fLeidenschaft’
967 2013 1038 2064 im
1075 2012 1434 2078 allgemeinen‚

403 2081 591 2148 gloria
631 2071 1003 2145 ‘Ruhmsucht',
1039 2082 1139 2132 wie
1177 2082 1258 2146 20,
1282 2083 1367 2133 46.

483 2152 527 2201 1.
563 2152 778 2214 queunt,
816 2147 920 2199 fast
944 2164 1037 2200 nur
1071 2149 1123 2200 in
1161 2150 1437 2215 negativen

412 2216 600 2269 S’atzen
626 2216 923 2281 gebraucht,
959 2218 1061 2268 wie
1085 2217 1216 2269 auch
1240 2217 1304 2269 de
1328 2233 1437 2282 rep.

407 2283 464 2336 11.
487 2287 537 2348 3,
558 2286 613 2336 6:
649 2286 956 2335 maritimus
977 2301 1105 2336 vero
1141 2287 1237 2337 ille
1271 2288 1440 2337 hostis

408 2357 536 2404 ante
554 2352 735 2404 adesse
753 2358 944 2417 potest,
971 2368 1131 2419 quam
1156 2356 1441 2420 quisquam

411 2426 697 2472 venturum
715 2437 824 2471 esse
840 2425 1110 2488 suspicari
1129 2428 1306 2487 queat.
1332 2422 1441 2474 Aus

413 2491 589 2541 diesen
617 2488 801 2540 beiden
828 2488 1027 2541 Stellen
1051 2491 1121 2542 ist
1146 2489 1235 2541 der
1257 2489 1442 2542 Unter-

412 2557 590 2610 schied
623 2573 727 2610 von
769 2574 984 2623 possum
1019 2554 1301 2625 (δύναμαι)
1338 2558 1442 2610 und

415 2642 551 2692 queo
586 2628 721 2688 (etos
758 2621 811 2676 τ’
852 2629 1005 2693 εἰμί),
1038 2627 1128 2678 der
1165 2627 1322 2679 durch
1360 2627 1444 2679 die

416 2693 722 2759 objektiven
777 2692 1125 2746 Verhfiltnisse
1194 2695 1297 2747 und
1355 2694 1445 2746 der

417 2761 576 2813 durch
612 2760 695 2813 die
732 2760 895 2813 Natur
941 2763 1032 2814 des
1070 2762 1318 2828 Subjekts
1355 2764 1443 2816 be-

417 2830 629 2892 dingten
665 2827 1017 2893 Meglichkeit,
1063 2831 1374 2887 ersichtlich.

491 2896 682 2947 Graeci
705 2899 968 2948 homines:
1005 2896 1096 2948 der
1119 2899 1304 2951 Zusatz
1340 2915 1445 2952 von

420 2967 575 3015 homo
622 2980 687 3016 zu
733 2965 898 3017 einem
949 2964 1328 3018 Volkernamen
1376 2968 1447 3019 ist

419 3033 551 3084 auch
595 3032 665 3083 im
710 3031 846 3084 Plur.
891 3033 1243 3099 regelmal'sig‚
1292 3050 1445 3087 wenn

420 3100 510 3151 der
563 3099 844 3152 Charakter
896 3102 1037 3153 eines
1086 3101 1277 3155 Volkes
1332 3103 1445 3155 her-

420 3168 753 3234 vorgehoben
790 3169 997 3221 werden
1034 3170 1151 3224 soll.

492 3239 539 3288 2.
587 3241 651 3287 ut
694 3241 773 3287 est
807 3243 996 3304 eaptus
1044 3241 1319 3291 hominum
1354 3232 1449 3290 ‘im

423 3303 715 3357 Verhiiltnis
752 3321 818 3357 zu
852 3307 987 3357 ihrer
1017 3302 1450 3372 Fassungskraft'‚

422 3373 675 3426 natt'irlich
700 3375 753 3424 in
780 3373 1247 3427 beschriinkendem
1278 3376 1453 3440 Sinne‚

423 3441 486 3492 da
526 3441 772 3508 dieselbe,
809 3443 909 3494 wie
947 3444 1024 3495 als
1050 3444 1325 3509 allgemein
1362 3445 1453 3495 be-

424 3509 587 3560 kannt
623 3525 997 3575 angenommen
1035 3512 1193 3575 wird,
1239 3527 1335 3563 nur
1371 3511 1452 3562 fin·

423 3576 801 3630 wissenschaft
834 3580 938 3631 und
963 3578 1129 3631 Kunst
1152 3578 1451 3631 voi-handen

425 3646 510 3711 ist,
547 3645 791 3697 wahrend
816 3647 851 3699 1.
876 3649 923 3711 8,
947 3650 1036 3698 15:
1073 3652 1137 3697 ut
1161 3648 1335 3699 Siculi
1368 3647 1453 3699 die

427 3711 652 3764 Partikel
679 3717 741 3763 ut
767 3714 1138 3767 motivierende
1165 3716 1311 3768 Kraft
1345 3715 1451 3768 hat.

470 3782 543 3832 ’3.
581 3782 826 3844 humane,
863 3782 963 3834 wie
1000 3798 1057 3834 es
1092 3785 1201 3836 sich
1238 3784 1318 3836 fiir
1354 3784 1451 3836 den

427 3847 703 3899 Menschen
742 3851 914 3911 ziemt‚
950 3850 1105 3902 daher
1140 3852 1251 3904 hier
1286 3853 1452 3905 soviel

428 3917 529 3969 wie
551 3910 986 3985 ‘mitErgebung'.
1024 3918 1093 3972 So
1105 3920 1220 3974 Ter.
1232 3922 1452 3989 Adelph.

1534 2013 1571 2065 Ι.
1598 2016 1646 2077 2,
1667 2016 1756 2066 65;
1792 2017 1890 2065 vix
1914 2016 2144 2065 humane
2174 2017 2406 2080 patitur.
2445 2012 2569 2079 Vgl.

1533 2082 1714 2146 111.16‚
1734 2085 1824 2135 34:
1863 2084 2097 2134 bumana
2135 2084 2366 2133 humane
2399 2080 2568 2143 ferre.

1610 2151 1813 2203 Cimbri
1857 2156 1911 2201 et
1946 2151 2208 2205 Celtiberi.
2281 2149 2393 2201 Val.
2430 2153 2569 2205 Max.

1536 2219 1594 2271 ll.
1632 2222 1692 2282 6,
1733 2223 1825 2271 11:
1872 2219 2088 2271 Alacris
2132 2224 2186 2268 et
2230 2216 2393 2279 fortis
2431 2222 2574 2274 Cim·

1540 2290 1760 2338 brorum
1819 2291 1873 2337 et
1930 2287 2314 2339 Celtiberorum
2371 2290 2572 2354 (philo-

1539 2358 1766 2422 sophia),
1804 2358 1898 2421 qui
1929 2357 1988 2405 in
2011 2359 2127 2406 acie
2158 2356 2367 2420 gaudio
2391 2357 2572 2410 exsul-

1544 2427 1750 2488 tabant,
1787 2428 2059 2488 tamquam
2088 2424 2328 2487 gloriose
2362 2429 2414 2474 et
2447 2427 2574 2488 feli-

1545 2495 1684 2543 citer
1716 2496 1829 2542 vila
1865 2495 2141 2542 excessuri
2149 2511 2170 2555 ,·
2206 2493 2575 2547 lamentaban-

1545 2564 1638 2611 tur
1683 2563 1744 2611 in
1776 2563 1987 2623 morbo,
2038 2562 2195 2625 quasi
2241 2564 2474 2626 turpiter
2522 2567 2577 2613 et

1544 2628 1924 2679 miserabiliter
1951 2632 2202 2692 perituri.
2244 2628 2352 2680 Den
2376 2632 2574 2683 letzten

1546 2695 1719 2748 Punkt
1754 2696 1878 2756 fatst
1915 2696 2017 2747 Cic.
2054 2698 2236 2748 anders
2272 2697 2376 2754 auf.

1617 2769 1663 2817 5.
1712 2782 1746 2816 a
1799 2768 1944 2815 certa
1992 2767 2205 2816 ratione
2253 2781 2357 2818 von
2403 2767 2574 2819 festen

1550 2831 1917 2884 Grundsfitzen.

1620 2903 1668 2955 8.
1692 2904 1753 2951 in
1786 2918 1863 2964 eo,
1900 2916 1971 2953 sc.
2007 2903 2098 2951 eui
2117 2902 2338 2952 student
2358 2908 2412 2953 et
2433 2903 2582 2968 quod

1550 2972 1746 3020 bonum
1799 2973 2109 3035 opinantur.
2186 2969 2286 3022 Das
2335 2971 2579 3037 folgende

1549 3038 1740 3088 debeas
1772 3038 1841 3088 ist
1874 3037 2145 3102 potentini.

1623 3110 1703 3158 11.
1729 3106 2028 3156 tantulum:
2064 3106 2192 3156 nach
2232 3105 2324 3158 der
2360 3108 2581 3160 Ansicht

1551 3172 1642 3224 der
1661 3173 2055 3240 Peripatetiker;
2085 3176 2380 3226 obruatur.-
2400 3176 2452 3226 in
2479 3176 2580 3228 den

1552 3241 1894 3307 Hintergrund
1933 3241 2224 3306 geschoben
2263 3243 2407 3296 wird.

1625 3312 1703 3361 12.
1740 3310 1905 3360 latius
1936 3313 2207 3375 manabit,
2245 3312 2345 3363 wie
2380 3311 2460 3364 111.
2497 3316 2581 3378 31,

1557 3381 1645 3430 75:
1681 3394 1907 3429 manare
1942 3377 2171 3444 longius.

1625 3448 1706 3497 16.
1731 3446 2055 3512 praesertim
2097 3460 2217 3497 cum
2253 3454 2351 3499 cet.
2420 3446 2495 3499 Im
2536 3452 2583 3502 1.

1557 3513 1729 3565 Buche
1755 3529 1863 3565 war
1895 3530 1998 3565 von
2024 3514 2113 3566 der
2139 3514 2468 3582 Verachtung
2491 3515 2585 3568 des

1554 3580 1726 3634 Todes
1763 3583 1844 3633 die
1868 3582 2026 3647 Rede,
2060 3583 2158 3634 den
2183 3584 2292 3635 sich
2330 3585 2495 3636 selbst
2518 3600 2584 3637 zu

1556 3650 1720 3715 geben
1757 3651 1887 3702 nach
1933 3652 2192 3703 stoischen
2230 3651 2585 3705 Grundsfitzen

1556 3724 1704 3770 unter
1723 3717 2037 3771 Umstanden
2058 3726 2302 3785 gestattet
2323 3736 2446 3773 war.
2469 3720 2585 3788 vgl.

1554 3787 1593 3838 1.
1619 3789 1701 3849 49,
1731 3789 1830 3839 118
1868 3804 1918 3839 u.
1955 3790 2070 3840 119.

1629 3858 1707 3908 18.
1760 3856 2057 3920 praedones
2106 3857 2157 3906 si
2206 3859 2584 3922 insequantur.

1555 3921 1629 3975 Zu
1665 3923 1781 3976 dem
1818 3923 2094 3993 doppelten
2137 3926 2190 3975 si
2223 3924 2329 3991 vgl.
2363 3924 2429 3976 ad
2465 3926 2588 3980 fam.
