2834 4317
1008 207 1210 261 vLIBER
1242 206 1299 261 11.
1337 209 1418 272 25,
1456 210 1538 262 60.
1575 210 1659 264 61.

2279 212 2401 271 145

241 366 456 453 ‘Quia,
501 382 582 452 si,
628 399 764 441 cum
796 389 1026 442 tantum
1061 399 1277 461 operae
1308 381 1717 461 philosophiae
1762 381 2086 457 dedissem,
2132 382 2398 446 dolorem

249 472 444 525 tamen
503 465 660 526 serre
719 485 842 527 non
888 485 1152 545 possem,
1209 466 1349 528 satis
1405 477 1562 528 esset
1616 467 1951 546 argumenti
2003 467 2226 529 malum
2271 488 2401 531 esse

249 548 543 626 dolorem3
588 551 881 631 plurimos
919 562 1115 613 autem
1154 570 1347 613 annos
1388 551 1451 612 in
1481 551 1853 634 philosophia
1897 553 2242 633 consumpsi
2287 574 2401 616 nec

249 634 405 695 ferre
448 654 719 715 possum;
768 636 982 698 malum
1031 647 1119 699 est
1163 637 1344 715 igitur
1385 634 1597 698 dolor’.
1671 637 1824 698 Tum
1856 637 2217 714 Cleanthem,
2264 659 2400 701 cum

174 730 205 779 5
248 719 397 798 pede
429 730 649 782 terram
681 722 1089 801 percussisset,
1120 741 1355 784 versum
1386 740 1458 782 ex
1488 721 1777 801 Epigonis
1808 724 2013 783 ferunt
2041 724 2282 786 dixisse:

555 806 809 869 Audi-sne
835 806 987 879 haec,
1017 806 1382 888 Amphiarae,
1412 808 1518 868 sub
1546 816 1764 869 terram
1794 806 2028 871 abdite?

247 890 550 952 Zenonem
580 893 967 971 significabat,
1012 912 1042 952 a
1075 912 1193 972 quo
1237 893 1403 954 illum
1434 892 1796 972 degenerare
1827 892 2080 956 dolebat.
2153 894 2228 955 At
2273 914 2396 955 non

250 985 454 1037 noster
482 978 853 1054 Posidonius,
900 997 1076 1057 quem
1122 987 1181 1039 et
1226 978 1351 1057 ipse
1400 996 1577 1057 saepe
1619 978 1733 1039 vidi
1779 988 1837 1039 et
1879 978 1937 1038 id
1970 979 2191 1055 dicam,
2239 981 2398 1059 quod

246 1060 477 1122 solebat
521 1081 763 1125 narrare
806 1064 1141 1145 Pompeius,
1187 1082 1269 1137 se,
1314 1082 1453 1124 cum
1482 1063 1761 1125 Rhodum
1807 1064 2057 1125 venisset
2106 1064 2400 1127 decedens

144 1156 204 1206 1ss
240 1165 312 1207 ex
357 1147 553 1227 Syria,
585 1143 801 1211 ⁴audire
845 1149 1099 1211 voluisse
1144 1148 1559 1225 Posidonium;
1615 1149 1721 1210 sed
1766 1168 1902 1210 cum
1960 1150 2219 1211 audisset
2262 1169 2397 1211 eum

246 1233 499 1309 graviter
544 1253 672 1296 esse
717 1253 989 1314 aegrum,
1035 1234 1202 1313 quod
1239 1235 1620 1295 vehementer
1663 1233 1790 1295 eius
1834 1244 1997 1296 artus
2041 1235 2397 1309 laborarent,

246 1316 500 1379 voluisse
545 1328 743 1380 tamen
789 1319 1217 1381 nobilissimum
1262 1318 1687 1399 philosophum
1719 1319 1937 1395 visere;
1985 1338 2162 1398 quem
2207 1329 2273 1381 ut
2315 1322 2396 1381 vi-

245 1402 426 1464 disset
456 1412 516 1464 et
544 1404 910 1468 salutavisset
946 1404 1411 1482 honorificisque
1453 1403 1649 1465 verbis
1678 1413 2032 1484 prosecutus
2073 1414 2230 1466 esset
2269 1423 2398 1465 mo-

244 1487 514 1568 lesteque
540 1509 606 1551 se
637 1490 878 1553 dixisset
918 1492 1096 1565 ferre,
1143 1489 1314 1569 quod.
1346 1506 1485 1550 eum
1516 1507 1640 1549 non
1683 1497 1887 1569 posset
1913 1489 2137 1565 audire,
2181 1499 2242 1551 at
2269 1490 2393 1552 ille:

142 1579 206 1634 15
238 1564 357 1635 ‘Tu
386 1566 543 1636 vero³
592 1576 789 1655 inquit
819 1571 1037 1656 ‘potes,
1083 1594 1193 1637 nec
1233 1574 1616 1648 committam,
1664 1584 1729 1635 ut
1767 1574 1939 1636 dolor
1967 1574 2237 1655 corporis
2267 1577 2395 1636 effi-

245 1659 380 1733 ciat,
428 1668 494 1720 ut
522 1661 739 1722 frustra
770 1671 971 1723 tantus
1009 1661 1100 1722 vir
1142 1659 1213 1721 ad
1242 1678 1338 1722 me
1381 1657 1653 1721 venerit.'
1713 1659 1918 1739 Itaque
1950 1660 2228 1722 narrabat
2258 1680 2395 1722 eum

244 1744 501 1823 graviter
545 1753 604 1806 et
646 1747 887 1826 copiose
930 1747 1003 1808 de
1049 1748 1163 1807 hoc
1205 1746 1356 1825 ipso,
1404 1744 1555 1806 nihil
1599 1763 1727 1807 esse
1771 1744 2031 1821 bonum,
2077 1746 2192 1808 nisi
2237 1748 2396 1826 quod

315 1984 359 2034 1.
394 1984 443 2031 si
478 1987 594 2045 cet„
629 1982 745 2033 eine
779 1980 928 2033 Form
964 1980 1056 2033 des
1094 1981 1267 2050 Syllo-

242 2048 455 2113 gismus,
492 2049 677 2101 dessen
702 2050 813 2101 sich
840 2049 923 2101 die
949 2048 1157 2102 Stoiker
1178 2066 1269 2101 zur

242 2115 588 2182 Einkleidung
607 2118 743 2169 ihrer
763 2117 913 2169 Sfitze
934 2133 995 2169 zu
1016 2120 1267 2170 bedienen

240 2184 484 2251 pssegten.
560 2185 652 2238 Die
706 2186 846 2238 Coni.
895 2184 1103 2253 quupf.
1164 2185 1268 2238 und

240 2253 386 2319 lmps.
425 2252 633 2317 stehen‚
683 2255 803 2305 weil
849 2253 996 2306 Dion.
1031 2256 1142 2306 sein
1178 2268 1269 2306 zur

240 2320 356 2373 Zeit
375 2323 543 2373 seiner
569 2321 1019 2387 Sinnesiinderung
1054 2324 1142 2375 ihn
1179 2322 1269 2373 he-

240 2389 572 2442 stimmendes
597 2390 785 2452 Urteil;
821 2394 885 2453 si,
922 2406 1041 2440 eum
1074 2418 1145 2429 —
1180 2391 1266 2441 de-

237 2458 427 2521 derim,
465 2464 641 2510 tamen
664 2489 730 2500 -
756 2474 990 2525 possum,
1022 2462 1155 2510 satis
1190 2463 1268 2510 est

239 2541 358 2592 arg.
420 2526 768 2579 erzahlend
836 2527 1070 2579 mitteilt:
1129 2526 1264 2578 Weil

239 2599 319 2658 (so
355 2596 548 2647 meinte
583 2596 685 2661 ich)
721 2612 771 2647 u.
808 2610 847 2647 ε.
882 2611 947 2648 w.
1016 2593 1112 2647 Mit
1142 2596 1263 2661 plu-

237 2665 405 2714 rimos
451 2669 631 2714 autem
678 2679 850 2715 armos
899 2667 996 2716 cet.
1050 2663 1164 2728 sfigt
1209 2678 1264 2714 er

239 2746 341 2782 von
378 2732 576 2783 seinem
622 2731 1041 2797 gegenwiirtigen
1080 2730 1265 2784 Stand-

239 2798 406 2865 punkt
451 2815 542 2852 aus
588 2801 704 2852 eine
749 2814 1005 2865 genauere
1041 2798 1264 2851 Bestim-

239 2882 397 2933 mung
442 2870 525 2934 (zu
573 2874 787 2919 tantum
834 2869 1046 2933 operae)
1091 2868 1264 2931 hinzu‚

239 2936 471 2987 weshalb
543 2951 596 2987 er
667 2936 796 2988 auch
867 2934 965 2987 den
1026 2935 1264 2988 frfiheren

240 3002 446 3056 Schlul's
480 3006 683 3055 malum
720 3008 799 3054 est
831 3006 869 3055 i.
908 3004 958 3056 d.
996 3004 1073 3055 als
1111 3004 1263 3057 einen

237 3073 369 3123 noch
418 3074 771 3139 gegenwfirtig
814 3072 897 3124 siit
940 3071 1029 3123 ihn
1066 3073 1262 3137 gelten-

237 3138 335 3191 den
374 3140 692 3195 wiederholt.

304 3246 353 3295 5.
391 3260 463 3293 eoe
496 3243 778 3308 Epigonis.
823 3234 942 3293 ‘Die
979 3234 1262 3307 Epigonen'

229 3311 303 3376 (d.
316 3312 366 3363 h.
399 3310 571 3363 Sohne
598 3312 686 3362 der
707 3310 892 3362 Siehen
916 3325 1009 3360 vor
1028 3308 1262 3375 Theben)

234 3394 339 3431 von
374 3379 666 3446 Aeschylus
702 3379 991 3430 ubersetzte
1022 3378 1226 3431 Accius-

305 3482 353 3532 6.
401 3482 789 3546 Amphiaraus,
835 3480 924 3530 der
961 3477 1122 3531 Seher
1167 3493 1261 3530 aus

234 3549 420 3616 ArgoS,
458 3547 549 3600 der
573 3547 732 3600 durch
758 3547 857 3599 den
879 3546 1058 3599 Vertat
1094 3547 1262 3598 seiner

229 3616 410 3669 Gattin
425 3616 669 3684 Eriphyle
691 3632 755 3667 an
775 3617 946 3668 seines
958 3614 1262 3680 Schwagers

234 3684 484 3737 Adrastus
520 3683 659 3750 Zuge
696 3699 862 3750 gegen
898 3682 1110 3734 Theben
1146 3683 1262 3735 teil·-

234 3754 520 3805 zunehmen
542 3755 793 3818 genotigt‚
806 3753 928 3803 aber
947 3751 1145 3803 alsbald
1157 3767 1261 3802 von

235 3819 327 3872 der
361 3819 491 3872 Erde
542 3821 914 3885 verschlungen
956 3819 1144 3872 wurde.
1193 3848 1260 3857 —-

233 3887 336 3941 Das
361 3890 495 3941 citat
518 3890 751 3954 beweist,
788 3888 900 3940 dass
925 3886 1063 3941 Zeno
1100 3888 1260 3944 sehon

339 3980 490 4025 Cicero
517 3980 693 4027 Tuscul.
723 3982 758 4026 Ι.
798 3982 837 4025 9.
863 3981 983 4025 Aufl.

1370 1984 1450 2032 tot
1471 1996 1592 2043 war,
1612 1980 1689 2031 als
1709 1979 1985 2033 Kleanthes
2005 1981 2114 2034 dies
2134 1981 2395 2048 Gesprach

1370 2050 1466 2101 mit
1502 2047 1781 2116 Dionysius
1817 2048 1975 2101 hatte.

1440 2121 1488 2169 7.
1532 2116 1882 2182 significabat
1914 2117 2100 2183 spielte
2136 2132 2202 2169 an
2238 2117 2341 2170 auf.

1441 2188 1493 2239 8.
1524 2186 1868 2248 Posidonius,
1932 2200 2024 2237 aus
2061 2186 2287 2251 Apamea
2340 2185 2394 2237 in

1374 2253 1558 2320 Syrien
1596 2253 1856 2318 gebfirtig,
1895 2251 2127 2316 Stoiker,
2169 2252 2261 2306 des
2301 2252 2393 2305 Pa-

1371 2322 1544 2373 nfitius
1582 2319 1819 2385 Schffler,
1864 2320 2030 2372 lehrte
2077 2322 2128 2371 in
2165 2321 2395 2385 Rhodu8‚

1370 2405 1454 2441 wo
1490 2387 1663 2440 frfiher
1695 2391 1781 2452 (78
1807 2403 1856 2441 v,
1880 2389 2013 2451 Chr.)
2049 2389 2178 2440 auch
2216 2388 2392 2440 Cicero

1367 2458 1457 2508 ihn
1478 2456 1642 2519 horte,
1671 2455 1761 2507 der
1779 2456 1908 2508 nach
1927 2456 2118 2508 seinem
2141 2455 2394 2509 Konsulat

1366 2526 1463 2577 mit
1496 2524 1600 2576 ihm
1643 2525 1774 2576 auch
1811 2523 1980 2575 Briefe
2020 2524 2296 2576 wechselte
2331 2533 2392 2589 (s,

1367 2592 1431 2662 ad
1462 2593 1574 2661 ιΑῐῐ.
1607 2592 1664 2646 11.
1706 2595 1752 2657 1,
1788 2595 1857 2658 2).
1929 2591 2094 2643 Daher
2127 2596 2325 2657 nostpr.

1435 2662 1495 2712 id
1529 2661 1734 2712 dicam:
1785 2660 1926 2712 nicht
1974 2660 2199 2712 seltener
2233 2660 2392 2712 Uber-

1368 2744 1520 2795 gang.
1540 2744 1632 2780 aus
1656 2727 1773 2780 dem
1796 2728 2112 2781 Relativsatz
2149 2730 2204 2781 in
2239 2729 2389 2781 einen

1366 2797 1665 2866 Hauptsatz.

1437 2868 1486 2918 9.
1520 2865 1775 2916 decedens
1811 2880 1881 2915 ex
1923 2863 2110 2932 Syria,
2164 2865 2391 2917 welches

1367 2933 1422 2985 er
1458 2949 1548 2984 zur
1582 2932 1869 2984 romischen
1898 2931 2119 2985 Provinz
2155 2934 2393 2998 gemacht

1366 3003 1526 3065 hatte,
1563 3001 1632 3053 im
1667 2999 1823 3053 Jahre
1860 3003 1945 3054 64.

1440 3073 1517 3123 11.
1532 3075 1684 3121 artus
1704 3070 2029 3121 laborarent.
2065 3069 2130 3119 Er
2150 3069 2290 3121 hatte
2310 3069 2392 3122 die

1365 3137 1640 3207 ἀρθρττις,
1677 3137 1725 3189 d.
1750 3137 1798 3191 h.
1826 3136 1977 3189 Gicht
2011 3137 2115 3188 und
2138 3137 2390 3203 Podagra.

1434 3208 1516 3258 12.
1565 3210 1743 3255 tamen
1789 3206 2134 3270 wenigstenS,
2189 3205 2293 3270 vgl.
2339 3220 2390 3271 p.

1364 3272 1499 3325 Sest.
1538 3275 1620 3335 29,
1656 3274 1749 3326 63:
1798 3289 1901 3339 quo
1936 3277 1985 3323 si
2022 3278 2134 3324 tum
2168 3277 2391 3338 veniret,

1361 3358 1445 3392 me
1495 3346 1670 3391 tamen
1712 3345 1917 3392 eoelum
1961 3356 2182 3392 suorum
2227 3344 2288 3391 in
2330 3358 2390 3392 re

1356 3411 1509 3476 publ.
1548 3410 1897 3461 consiliorum
1930 3410 2114 3460 videre
2148 3413 2337 3471 posset.

1435 3480 1518 3531 14.
1564 3482 1626 3527 at
1656 3477 1748 3529 ille
1781 3506 1850 3516 —
1884 3480 2079 3543 inquit,
2115 3465 2390 3543 Uber-gang

1363 3561 1455 3597 zur
1501 3544 1676 3598 Oratio
1723 3550 1879 3597 recta.
1955 3544 2066 3612 Vgl.
2115 3549 2173 3611 7,
2215 3549 2274 3598 17
2323 3563 2387 3597 zu

1362 3614 1639 3676 Adfirmat
1672 3642 1740 3653 —-
1775 3615 1931 3665 dicet.

1435 3685 1515 3736 15.
1559 3681 1638 3733 Tu
1670 3698 1798 3732 vero
1836 3683 1981 3747 nein,
2016 3680 2085 3733 du
2109 3679 2298 3733 kannst
2332 3697 2389 3733 es

1362 3749 1514 3814 doch,
1550 3750 1649 3802 wie
1684 3751 1721 3801 1.
1748 3752 1830 3814 23,
1850 3753 1946 3811 55;
1983 3765 2026 3802 s.
2052 3765 2097 3802 z.
2132 3748 2168 3801 1.
2199 3752 2279 3813 11,
2305 3752 2387 3803 25.

1438 3822 1514 3871 16.
1560 3818 1749 3882 Itaque
1775 3811 1913 3869 ‘und
1949 3808 2036 3869 so'
2087 3817 2272 3884 gehort
2325 3833 2389 3868 zu

1363 3886 1732 3953 disputavisse.

1918 3973 1976 4023 10

2418 641 2761 970 ff
