2834 4317
912 162 1102 215 usne
1133 163 1172 217 1.
1210 166 1260 229 e,
1300 165 1380 217 12.
1420 166 1501 218 13.
1543 167 1592 217 7.
1742 219 1747 226 ,
2249 159 2328 218 33

192 355 288 415 que
316 336 590 411 miseros,
638 336 739 415 qui
780 335 891 396 hac
931 336 1064 398 luce
1113 344 1372 398 careant.
1441 334 1524 395 M.
1557 334 1896 397 Revolveris
1926 334 2169 411 eodem;
2215 336 2336 397 sint

190 422 328 483 enim
358 429 626 502 oportet,
670 420 718 482 si
761 421 961 482 miseri
991 429 1165 482 sunt:
1208 429 1273 483 tu
1316 429 1514 482 autem
1553 421 1732 482 modo
1762 420 2021 501 negabas
2052 439 2154 483 eos
2184 440 2335 496 esse,

191 507 273 585 qui
312 507 535 568 mortui
583 514 800 567 essent.
874 506 936 568 Si
975 507 1158 585 igitur
1201 525 1323 568 non
1371 515 1533 580 sunt,
1579 506 1730 568 nihil
1768 515 2023 587 possunt
2051 525 2207 568 esse:
2255 508 2332 569 ita

191 611 253 653 ne
292 592 490 653 miseri
539 591 778 671 quidem
821 600 981 653 sunt.
1040 593 1108 654 A.
1139 590 1274 654 Non
1319 592 1458 653 dico
1486 593 1734 654 fortasse
1780 592 1955 653 etiam
1987 591 2148 671 quod
2191 610 2328 654 scn-

140 677 288 752 5ti03
331 696 468 738 nam
516 678 674 738 istuc
717 678 913 758 ipsum
946 696 1073 739 non
1115 696 1263 750 esse,
1310 695 1447 738 cum
1487 678 1690 750 fueris,
1735 678 2135 739 miserrimum
2165 687 2331 757 puto.

190 761 258 823 M.
286 760 485 834 Quid?
517 763 794 824 miserius
824 780 1000 841 quam
1031 763 1279 824 omnino
1312 780 1639 842 numquam
1670 760 1897 825 fuisse?
1933 763 2012 823 ita
2044 763 2147 841 qui
2181 779 2335 823 non·
2383 772 2439 821 13

190 848 309 909 dum
339 848 459 909 nati
507 857 656 910 sunt
694 847 896 910 miseri
940 848 1055 909 iam
1098 856 1260 922 sunt,-
1301 849 1439 928 quia
1483 867 1606 909 non
1650 856 1811 925 sunt,
1858 857 1917 910 et
1944 867 2075 923 noe,
2121 848 2168 910 si
2201 859 2337 929 post

86 943 87 1002 ζ
190 940 415 994 mortem
472 933 681 995 miseri
729 933 915 994 futuri
959 952 1196 1009 sumus,
1253 933 1454 995 miseri
1512 934 1732 1019 fuimns
1785 942 1923 996 ante
1967 951 2143 1012 quam
2191 935 2332 996 nati.

192 1016 298 1096 Ego
326 1028 524 1080 autem
561 1038 686 1080 non
712 1017 1111 1091 commemini,
1141 1027 1279 1080 ante
1303 1038 1480 1097 quam
1513 1037 1644 1080 sum
1671 1028 1861 1092 natus,
1894 1038 1989 1080 me
2020 1020 2331 1081 miserum:

130 1111 165 1160 ιο
193 1111 246 1162 tu
264 1104 309 1163 si
329 1104 580 1165 meliore
602 1104 888 1165 memoria
913 1122 995 1179 es,
1007 1104 1182 1165 velim
1207 1104 1362 1165 scire
1384 1106 1596 1183 ecquid
1623 1105 1694 1166 de
1716 1115 1776 1166 te
1800 1105 2132 1166 recordere.
2164 1106 2230 1166 A.
2248 1104 2332 1165 Ita
2371 1115 2400 1168 7

194 1187 399 1264 iocaris,
422 1190 603 1281 quasi
635 1206 745 1268 ego
769 1189 959 1250 dicam
984 1208 1088 1251 eos
1110 1189 1376 1266 miseroS‚
1400 1189 1505 1269 qui
1529 1190 1650 1251 nati
1674 1208 1796 1251 non
1821 1190 1961 1265 sint,
1993 1198 2055 1250 et
2077 1207 2200 1250 non
2227 1208 2330 1252 eos

197 1273 433 1350 miseros,
458 1275 566 1354 qni
591 1275 989 1337 mortuisunt.
1021 1274 1104 1336 M.
1123 1274 1269 1338 Esse
1283 1292 1428 1353 ergo
1445 1293 1549 1337 eos
1565 1275 1729 1336 dicis.
1754 1277 1823 1335 A.
1844 1275 2034 1335 Immo
2052 1274 2187 1353 quia
2206 1293 2327 1335 non

199 1357 309 1432 sint,
351 1378 487 1421 cum
519 1361 767 1434 fuerint,
814 1379 885 1421 eo
915 1360 1168 1422 miseros
1214 1379 1364 1422 esse.
1439 1359 1524 1420 M.
1557 1360 1890 1438 Pugnantia
1920 1367 1980 1420 te
2009 1358 2174 1437 loqui
2206 1378 2327 1420 non

198 1442 369 1505 vides?
424 1445 572 1524 quid
621 1447 780 1506 enim
824 1454 944 1506 tam
987 1454 1217 1525 pugnat
1258 1463 1437 1524 quam
1484 1464 1605 1506 non
1650 1444 1827 1506 modo
1873 1445 2176 1518 miserum,
2228 1444 2330 1505 sed

138 1533 174 1583 15
202 1530 415 1591 omnino
438 1530 766 1610 quicquam
791 1549 919 1592 esse
942 1530 1045 1609 qui
1077 1550 1200 1592 uon
1227 1528 1347 1592 sit?
1393 1530 1487 1591 An
1511 1539 1577 1592 tu
1602 1548 1879 1610 egressus
1901 1537 2070 1611 porta
2097 1530 2330 1610 Capena

202 1630 310 1675 cum
337 1614 608 1688 Calatini,
633 1616 1002 1696 Scipionum,
1027 1616 1428 1692 Serviliorum,
1452 1616 1825 1678 Metellorum
1848 1616 2120 1695 sepulcra
2150 1616 2332 1689 videS,

251 1800 304 1850 2.
323 1805 550 1866 oportet,
589 1800 731 1854 nicht
763 1815 971 1851 necesse
1005 1804 1099 1865 est,
1138 1800 1200 1852 da

194 1864 318 1928 jenes
358 1869 500 1922 nieht
553 1869 689 1921 bloss
734 1869 849 1921 eine
895 1869 1203 1921 moralische

199 1932 383 2001 Pflicht,
434 1937 661 1989 sondern
708 1937 1042 2002 allgemeiner
1086 1938 1201 1989 eine

201 2015 274 2052 aus
305 2004 412 2056 dem
449 2004 646 2057 Wesen
694 2004 798 2057 und
834 2003 1032 2071 Begriff
1062 2006 1203 2057 einer

201 2067 339 2123 Sache
371 2072 814 2138 hervorgehende,
848 2073 959 2125 also
988 2072 1079 2127 aus
1113 2073 1203 2125 der

199 2134 462 2207 Fordernng
500 2142 593 2194 der
617 2140 871 2193 Vernunft
906 2141 1200 2193 bemhende

201 2204 597 2277 Notwendigkeit
634 2208 954 2264 bezeichnet.
995 2208 1112 2275 Vgl.
1138 2210 1202 2262 de

1373 1805 1458 1854 11.
1509 1806 1563 1852 et
1596 1817 1707 1852 non
1741 1801 1844 1853 und
1883 1800 2026 1852 nicht
2061 1799 2332 1853 vielmehr.

1304 1867 1375 1920 So
1396 1867 1477 1922 ῙΙῙ.
1506 1872 1585 1933 17,
1611 1872 1673 1922 37
1688 1888 1702 1920 :
1736 1869 1951 1934 (virtus)
1985 1870 2036 1919 ei
2071 1871 2334 1920 extrinse—

1304 1953 1398 1988 cus
1431 1938 1668 2003 religata
1701 1938 1935 2004 pendeat
1967 1941 2020 1988 et
2053 1952 2165 1989 non
2190 1939 2333 1988 oria-

1305 2009 1397 2055 tm·
1433 2023 1466 2057 a
1502 2022 1572 2059 se.
1645 2005 1792 2057 Auch
1842 2021 1908 2058 ac
1953 2020 2065 2057 non
2111 2003 2239 2055 wird
2275 2018 2334 2055 so

1305 2073 1614 2139 gebraucht,
1665 2090 1706 2126 z.
1733 2073 1791 2126 B.
1818 2074 1895 2126 nl.
1923 2077 1970 2136 5,
2001 2076 2087 2126 11:
2126 2088 2191 2124 ae
2224 2088 2337 2123 non

1302 2157 1475 2208 saepe.
1521 2141 1621 2194 Der
1656 2141 1897 2195 Wechsel
1934 2141 2026 2194 des
2062 2139 2248 2193 Modus
2282 2141 2334 2192 in

1303 2212 1418 2260 sint
1442 2210 1544 2261 und
1569 2215 1699 2262 eunt
1721 2210 2005 2277 entspricht
2029 2209 2144 2262 dem
2169 2208 2337 2260 Inhalt

200 2274 459 2341 antaee:
479 2279 698 2330 Etenim
723 2294 794 2328 σω
815 2292 1001 2329 rerum
1018 2280 1204 2343 cogni-

201 2344 323 2394 tione
343 2344 653 2409 efflorescat
673 2353 726 2397 et
759 2345 1025 2397 redundet
1049 2361 1205 2411 opor*-

201 2413 264 2461 tet
291 2417 477 2468 oratio.

257 2482 299 2532 3.
346 2485 486 2536 nihil
526 2486 756 2549 possunt
805 2498 938 2546 esse,
988 2480 1035 2534 d.
1061 2480 1111 2532 h.
1148 2496 1205 2534 es

200 2543 315 2600 kann
338 2550 492 2604 ihnen
528 2551 651 2603 kein
675 2549 920 2603 Priidikat
943 2550 1205 2617 beig‘elegt

200 2616 406 2681 wei-dem
458 2623 544 2670 ita
595 2618 744 2671 leitet
795 2618 878 2671 die
931 2618 1204 2670 Conclusio

200 2682 284 2748 ein,
316 2687 413 2739 wie
448 2691 501 2753 6,
530 2690 616 2749 133
637 2690 720 2751 24,
739 2689 804 2740 58
829 2703 879 2740 n.
905 2691 954 2740 ὃ.
1071 2690 1074 2694 ’

258 2755 303 2804 4.
351 2753 475 2808 Non
500 2784 566 2794 —
608 2758 772 2806 etiam
819 2754 950 2807 noch
986 2755 1205 2821 (immet)

202 2818 344 2884 nicht3
393 2825 499 2892 vgl.
553 2825 604 2876 in
652 2823 795 2876 Verr.
829 2822 908 2877 111.
946 2825 1042 2888 84,
1081 2826 1204 2877 194:

201 2893 381 2942 nonam·
414 2891 531 2959 lege
576 2907 905 2954 concessum,
950 2891 1046 2943 sed
1089 2889 1205 2952 for-

202 2957 321 3008 tasse
352 2961 527 3013 adlmc
560 2964 621 3012 in
658 2961 808 3012 nullo
844 2964 1007 3012 eliam
1028 2961 1207 3011 vindi-

204 3029 374 3081 eatam.

256 3095 299 3147 5.
348 3099 429 3148 ita
483 3100 579 3163 qui
612 3101 710 3148 cet.
768 3094 867 3146 Der
903 3094 1109 3147 Schlnss
1142 3095 1213 3148 ist

205 3163 552 3229 unzntreffend‚
590 3163 653 3216 da
689 3162 758 3217 M.
794 3162 911 3216 dem
947 3162 1008 3215 A.
1045 3167 1211 3216 etwas

205 3226 466 3297 inimiici-t,
502 3247 613 3285 was
648 3232 816 3284 dieser
851 3231 995 3283 nicht
1029 3236 1212 3298 gesagt

206 3293 303 3363 bat,
344 3300 448 3353 und
482 3301 582 3353 den
619 3299 1077 3353 beschriinkenden
1113 3300 1209 3353 Zu-

206 3369 297 3416 sntz
328 3368 418 3421 des
453 3369 543 3421 A.:
581 3384 701 3420 cum
735 3365 911 3430 fueris
945 3367 1087 3420 nicht
1123 3368 1211 3421 be-

206 3433 537 3504 mcksichtigt.

260 3504 304 3554 9.
334 3520 416 3557 me
446 3509 717 3557 utiterum.
771 3503 865 3556 Die
888 3503 1209 3572 Auslassung

198 3580 292 3629 *von
335 3590 440 3624 esse
485 3573 653 3626 neben
703 3573 870 3625 einem
915 3571 1212 3625 Prfidikats-

207 3649 354 3695 accus.
374 3642 442 3694 ist
459 3642 591 3694 nach
611 3641 749 3695 allen
768 3640 934 3693 Verba
956 3641 1209 3694 sentiendi

207 3705 294 3757 und
344 3709 631 3764 declarandi
689 3709 808 3762 sehr
864 3709 1209 3775 gewohnlich.

209 3768 305 3838 Vgl.
316 3775 437 3830 kurz
455 3779 668 3831 vorher:
686 3781 1047 3830 miserrimum
1061 3786 1211 3846 puto,

205 3841 294 3893 und
326 3851 505 3901 unten:
539 3850 766 3899 miseros
792 3851 959 3914 putas
992 3847 1146 3899 illos?

297 3935 440 3983 cicero
466 3939 646 3985 Tuscnl.
675 3940 711 3985 1.
751 3941 793 3984 9.
821 3939 944 3986 Aufi.

1305 2278 1484 2329 beiden·
1519 2278 1881 2332 Relativsiitze.

1378 2347 1459 2398 13.
1509 2362 1570 2396 eo
1613 2347 1720 2411 vgl.
1762 2348 1852 2410 13,
1887 2348 1975 2399 30:
2017 2362 2078 2397 eo
2125 2345 2336 2410 lugeat3

1307 2415 1389 2478 37,
1416 2416 1508 2465 90:
1546 2428 1624 2476 ec,
1663 2415 1822 2479 quod.

1373 2497 1485 2533 non
1506 2481 1670 2546 vides,
1695 2496 1738 2534 s.
1765 2497 1827 2532 zu
1854 2483 1903 2544 8,
1931 2483 2018 2532 17:
2053 2494 2233 2530 nonne
2254 2494 2339 2528 re-

1308 2551 1625 2617 spondebie?

1312 2622 1325 2634 ’
1380 2622 1461 2672 15.
1494 2621 1656 2683 porta
1694 2616 1922 2681 Capena.
1993 2613 2082 2666 Sie
2132 2613 2220 2679 lag
2273 2629 2335 2667 an

1310 2685 1400 2738 der
1426 2685 1665 2738 Sfidseite
1700 2699 1803 2736 von
1838 2683 1968 2736 Rom
2003 2686 2148 2752 (jetzt
2179 2689 2340 2750 porta

1310 2756 1370 2806 az·
1404 2755 1459 2807 S.
1497 2753 1833 2818 Sebastiano)
1883 2751 1987 2806 und
2035 2752 2204 2804 rnhrte
2251 2767 2341 2803 zur

1309 2826 1399 2875 via
1435 2823 1642 2890 Appia,
1689 2838 1754 2874 an
1800 2822 1955 2874 deren
1993 2820 2169 2874 Seiten
2204 2821 2341 2873 viele

1310 2890 1608 2944 Grabmaler
1644 2892 1889 2957 angelegt
1914 2905 2103 2954 waren,
2142 2888 2340 2941 welche

1311 2975 1428 3012 zum
1464 2959 1581 3011 Teil
1616 2960 1749 3013 noch
1787 2959 2016 3011 erhalten
2054 2957 2184 3010 sind.

1385 3031 1464 3080 16.
1487 3028 1735 3080 Calatini.
1762 3028 1823 3081 A.
1846 3026 2052 3092 Atilius,
2077 3041 2170 3078 aus
2194 3024 2342 3078 Gala-

1314 3097 1381 3147 tia
1423 3097 1476 3148 in
1502 3096 1809 3164 Campanien
1848 3094 2151 3159 stammend,
2187 3094 2344 3147 daher

1314 3164 1576 3216 Calatinus
1623 3167 1873 3231 genennt,
1928 3166 2029 3216 258
2084 3162 2186 3215 und
2242 3164 2344 3216 254

1312 3231 1526 3295 Konsul,
1563 3232 1918 3300 triumphierte
1944 3234 2044 3286 249
2068 3231 2144 3283 als
2170 3229 2345 3283 Dikta-

1312 3305 1393 3353 tor
1410 3303 1540 3353 iiber
1558 3301 1641 3354 die
1663 3301 1957 3367 Karthager.
1982 3300 2084 3352 Das
2108 3300 2345 3365 elogium

1312 3385 1415 3421 von
1452 3370 1647 3421 seinem
1684 3369 1922 3422 Grabmal
1960 3368 2129 3420 citiert
2165 3368 2343 3421 Cicero

1313 3437 1424 3489 Cat.
1443 3435 1511 3487 M.
1535 3441 1616 3504 17,
1640 3440 1703 3491 61
1728 3437 1832 3489 und
1858 3436 1920 3489 de
1938 3435 2028 3488 fin.
2047 3435 2101 3487 11.
2123 3439 2207 3501 35,
2229 3439 2344 3491 116.

1382 3505 1750 3558 Serviliorum.
1823 3504 1918 3558 Am
1965 3504 2343 3558 bekanntesten

1312 3572 1428 3626 sind
1465 3574 1555 3626 Gn.
1593 3574 1843 3627 Servilius
1879 3574 2061 3641 Capio,
2099 3573 2187 3625 der
2228 3576 2346 3629 169.

1312 3641 1417 3694 und
1468 3641 1528 3703 Q.
1578 3642 1825 3695 Servilius
1873 3642 2058 3712 capio,
2108 3642 2198 3694 der
2245 3644 2346 3695 106

1316 3710 1513 3763 Konsul
1551 3727 1675 3766 war.

1382 3777 1736 3832 Metellorum.
1821 3778 1912 3831 Die
1956 3779 2342 3831 berubmtesten

1316 3862 1408 3899 aus
1434 3845 1623 3901 diesem
1650 3846 1957 3900 vornehmen
1994 3844 2344 3914 plebeJischcn

1902 3932 1932 3982 3
