<?xml version="1.0" encoding="UTF-8"?>
<!DOCTYPE html PUBLIC "-//W3C//DTD XHTML 1.0 Transitional//EN"
    "http://www.w3.org/TR/xhtml1/DTD/xhtml1-transitional.dtd">
<html xmlns="http://www.w3.org/1999/xhtml" xml:lang="en" lang="en">
 <head>
  <title>
</title>
<meta http-equiv="Content-Type" content="text/html;charset=utf-8" />
  <meta name='ocr-system' content='tesseract 3.04.00' />
  <meta name='ocr-capabilities' content='ocr_page ocr_carea ocr_par ocr_line ocrx_word'/>
</head>
<body>
  <div class='ocr_page' id='page_1' title='image "./mtulliiciceroni02sorogoog_0079.png"; bbox 0 0 2834 4317; ppageno 0'>
   <div class='ocr_carea' id='block_1_1' title="bbox 922 174 2360 239">
    <p class='ocr_par' dir='ltr' id='par_1_1' title="bbox 922 174 2360 239">
     <span class='ocr_line' id='line_1_1' title="bbox 922 174 2360 239; baseline 0.006 -13"><span class='ocrx_word' id='word_1_1' title='bbox 922 174 1110 227; x_wconf 81' lang='lat' dir='ltr'><strong>LIBER</strong></span> <span class='ocrx_word' id='word_1_2' title='bbox 1145 175 1181 229; x_wconf 90' lang='lat'><strong><em>1.</em></strong></span> <span class='ocrx_word' id='word_1_3' title='bbox 1219 177 1301 239; x_wconf 86' lang='grc'><strong><em>28,</em></strong></span> <span class='ocrx_word' id='word_1_4' title='bbox 1338 178 1420 229; x_wconf 99' lang='grc'><strong><em>69.</em></strong></span> <span class='ocrx_word' id='word_1_5' title='bbox 1461 179 1540 229; x_wconf 83' lang='grc'><strong><em>70.</em></strong></span> <span class='ocrx_word' id='word_1_6' title='bbox 1578 178 1661 229; x_wconf 86' lang='grc'><strong><em>29.</em></strong></span> <span class='ocrx_word' id='word_1_7' title='bbox 2280 175 2360 234; x_wconf 85' lang='lat'><strong><em>73</em></strong></span> 
     </span>
    </p>
   </div>
   <div class='ocr_carea' id='block_1_2' title="bbox 98 346 2368 1706">
    <p class='ocr_par' dir='ltr' id='par_1_2' title="bbox 98 346 2368 1706">
     <span class='ocr_line' id='line_1_2' title="bbox 620 346 1847 425; baseline 0.001 -17"><span class='ocrx_word' id='word_1_8' title='bbox 620 346 854 409; x_wconf 75' lang='lat' dir='ltr'><strong><em>Caelum</em></strong></span> <span class='ocrx_word' id='word_1_9' title='bbox 886 350 1172 420; x_wconf 77' lang='lat' dir='ltr'><strong><em>nitescere,</em></strong></span> <span class='ocrx_word' id='word_1_10' title='bbox 1205 347 1444 410; x_wconf 80' lang='lat' dir='ltr'><strong><em>drbores</em></strong></span> <span class='ocrx_word' id='word_1_11' title='bbox 1470 347 1847 425; x_wconf 76' lang='lat' dir='ltr'><strong><em>frondescere,</em></strong></span> 
     </span>
     <span class='ocr_line' id='line_1_3' title="bbox 623 430 1745 514; baseline 0.003 -23"><span class='ocrx_word' id='word_1_12' title='bbox 623 430 771 493; x_wconf 79' lang='lat' dir='ltr'><strong><em>Vites</em></strong></span> <span class='ocrx_word' id='word_1_13' title='bbox 800 432 1078 513; x_wconf 79' lang='lat' dir='ltr'><strong><em>laetificae</em></strong></span> <span class='ocrx_word' id='word_1_14' title='bbox 1100 435 1400 514; x_wconf 69' lang='lat' dir='ltr'><strong><em>pampinis</em></strong></span> <span class='ocrx_word' id='word_1_15' title='bbox 1425 432 1745 513; x_wconf 78' lang='lat' dir='ltr'><strong><em>pubescere,</em></strong></span> 
     </span>
     <span class='ocr_line' id='line_1_4' title="bbox 611 515 1813 590; baseline 0.001 -12"><span class='ocrx_word' id='word_1_16' title='bbox 611 515 790 579; x_wconf 81' lang='lat' dir='ltr'><strong><em>Remi</em></strong></span> <span class='ocrx_word' id='word_1_17' title='bbox 819 517 1091 580; x_wconf 83' lang='lat' dir='ltr'><strong><em>bacarum</em></strong></span> <span class='ocrx_word' id='word_1_18' title='bbox 1121 518 1379 579; x_wconf 75' lang='lat' dir='ltr'><strong><em>ubertate</em></strong></span> <span class='ocrx_word' id='word_1_19' title='bbox 1409 518 1813 590; x_wconf 73' lang='lat' dir='ltr'><strong><em>incurvescere,</em></strong></span> 
     </span>
     <span class='ocr_line' id='line_1_5' title="bbox 613 600 1812 683; baseline 0 -20"><span class='ocrx_word' id='word_1_20' title='bbox 613 600 832 682; x_wconf 76' lang='lat' dir='ltr'><strong><em>Seqetes</em></strong></span> <span class='ocrx_word' id='word_1_21' title='bbox 863 602 1076 683; x_wconf 75' lang='lat' dir='ltr'><strong><em>larqiri</em></strong></span> <span class='ocrx_word' id='word_1_22' title='bbox 1100 602 1322 682; x_wconf 62' lang='lat' dir='ltr'><strong><em>fzuqes,</em></strong></span> <span class='ocrx_word' id='word_1_23' title='bbox 1352 602 1565 681; x_wconf 78' lang='lat' dir='ltr'><strong><em>llorere</em></strong></span> <span class='ocrx_word' id='word_1_24' title='bbox 1597 606 1812 677; x_wconf 81' lang='lat' dir='ltr'><strong><em>omnia,</em></strong></span> 
     </span>
     <span class='ocr_line' id='line_1_6' title="bbox 117 686 1931 767; baseline -0.001 -16"><span class='ocrx_word' id='word_1_25' title='bbox 117 704 146 751; x_wconf 85' lang='lat'>5</span> <span class='ocrx_word' id='word_1_26' title='bbox 613 687 822 749; x_wconf 81' lang='lat' dir='ltr'><strong><em>Fonte&#39;s</em></strong></span> <span class='ocrx_word' id='word_1_27' title='bbox 849 698 1084 763; x_wconf 85' lang='lat' dir='ltr'><strong><em>scatere,</em></strong></span> <span class='ocrx_word' id='word_1_28' title='bbox 1113 687 1305 751; x_wconf 76' lang='lat' dir='ltr'><strong><em>herbis</em></strong></span> <span class='ocrx_word' id='word_1_29' title='bbox 1329 690 1509 767; x_wconf 79' lang='lat' dir='ltr'><strong><em>prata</em></strong></span> <span class='ocrx_word' id='word_1_30' title='bbox 1540 686 1931 759; x_wconf 76' lang='lat' dir='ltr'><strong><em>convestirier,</em></strong></span> 
     </span>
     <span class='ocr_line' id='line_1_7' title="bbox 196 772 2362 853; baseline -0.001 -17"><span class='ocrx_word' id='word_1_31' title='bbox 196 784 329 836; x_wconf 87' lang='lat' dir='ltr'><strong><em>tum</em></strong></span> <span class='ocrx_word' id='word_1_32' title='bbox 374 773 816 835; x_wconf 85' lang='lat' dir='ltr'><strong><em>multitudinem</em></strong></span> <span class='ocrx_word' id='word_1_33' title='bbox 859 773 1158 853; x_wconf 84' lang='lat' dir='ltr'><strong><em>pecudum</em></strong></span> <span class='ocrx_word' id='word_1_34' title='bbox 1202 774 1415 853; x_wconf 89' lang='lat' dir='ltr'><strong><em>partim</em></strong></span> <span class='ocrx_word' id='word_1_35' title='bbox 1463 774 1532 834; x_wconf 88' lang='lat' dir='ltr'><strong><em>ad</em></strong></span> <span class='ocrx_word' id='word_1_36' title='bbox 1578 773 1969 848; x_wconf 87' lang='lat' dir='ltr'><strong><em>vescendum,</em></strong></span> <span class='ocrx_word' id='word_1_37' title='bbox 2029 772 2245 852; x_wconf 87' lang='lat' dir='ltr'><strong><em>partim</em></strong></span> <span class='ocrx_word' id='word_1_38' title='bbox 2290 772 2362 834; x_wconf 90' lang='lat' dir='ltr'><strong><em>ad</em></strong></span> 
     </span>
     <span class='ocr_line' id='line_1_8' title="bbox 192 857 2364 939; baseline -0.001 -17"><span class='ocrx_word' id='word_1_39' title='bbox 192 860 401 922; x_wconf 83' lang='lat' dir='ltr'><strong><em>&#39;cultus</em></strong></span> <span class='ocrx_word' id='word_1_40' title='bbox 442 877 743 939; x_wconf 80' lang='lat' dir='ltr'><strong><em>agrorum,</em></strong></span> <span class='ocrx_word' id='word_1_41' title='bbox 801 859 1016 938; x_wconf 85' lang='lat' dir='ltr'><strong><em>partim</em></strong></span> <span class='ocrx_word' id='word_1_42' title='bbox 1061 859 1132 919; x_wconf 88' lang='lat' dir='ltr'><strong><em>ad</em></strong></span> <span class='ocrx_word' id='word_1_43' title='bbox 1174 857 1546 933; x_wconf 85' lang='lat' dir='ltr'><strong><em>vehendum,</em></strong></span> <span class='ocrx_word' id='word_1_44' title='bbox 1591 859 1804 938; x_wconf 89' lang='lat' dir='ltr'><strong><em>partim</em></strong></span> <span class='ocrx_word' id='word_1_45' title='bbox 1852 858 1920 920; x_wconf 92' lang='lat' dir='ltr'><strong><em>ad</em></strong></span> <span class='ocrx_word' id='word_1_46' title='bbox 1968 875 2222 939; x_wconf 87' lang='lat' dir='ltr'><strong><em>corpora</em></strong></span> <span class='ocrx_word' id='word_1_47' title='bbox 2263 877 2364 920; x_wconf 83' lang='lat' dir='ltr'><strong><em>ve-</em></strong></span> 
     </span>
     <span class='ocr_line' id='line_1_9' title="bbox 199 944 2363 1025; baseline -0.001 -18"><span class='ocrx_word' id='word_1_48' title='bbox 199 944 454 1019; x_wconf 88' lang='lat' dir='ltr'><strong><em>stienda,</em></strong></span> <span class='ocrx_word' id='word_1_49' title='bbox 484 944 909 1023; x_wconf 86' lang='lat' dir='ltr'><strong><em>hominemque</em></strong></span> <span class='ocrx_word' id='word_1_50' title='bbox 938 944 1134 1025; x_wconf 88' lang='lat' dir='ltr'><strong><em>ipsum</em></strong></span> <span class='ocrx_word' id='word_1_51' title='bbox 1167 945 1334 1023; x_wconf 86' lang='lat' dir='ltr'><strong><em>quasi</em></strong></span> <span class='ocrx_word' id='word_1_52' title='bbox 1379 944 1909 1023; x_wconf 84' lang='lat' dir='ltr'><strong><em>contemplatorem</em></strong></span> <span class='ocrx_word' id='word_1_53' title='bbox 1942 944 2087 1005; x_wconf 87' lang='lat' dir='ltr'><strong><em>caeli</em></strong></span> <span class='ocrx_word' id='word_1_54' title='bbox 2121 962 2189 1005; x_wconf 98' lang='lat' dir='ltr'><strong><em>ac</em></strong></span> <span class='ocrx_word' id='word_1_55' title='bbox 2220 944 2363 1004; x_wconf 90' lang='lat' dir='ltr'><strong><em>deo-</em></strong></span> 
     </span>
     <span class='ocr_line' id='line_1_10' title="bbox 200 1029 2366 1109; baseline -0.001 -18"><span class='ocrx_word' id='word_1_56' title='bbox 200 1049 340 1092; x_wconf 87' lang='lat' dir='ltr'><strong><em>rum</em></strong></span> <span class='ocrx_word' id='word_1_57' title='bbox 372 1030 662 1091; x_wconf 85' lang='lat' dir='ltr'><strong><em>cultorem</em></strong></span> <span class='ocrx_word' id='word_1_58' title='bbox 691 1037 869 1109; x_wconf 89' lang='lat' dir='ltr'><strong><em>atque</em></strong></span> <span class='ocrx_word' id='word_1_59' title='bbox 915 1029 1174 1091; x_wconf 89' lang='lat' dir='ltr'><strong><em>hominis</em></strong></span> <span class='ocrx_word' id='word_1_60' title='bbox 1206 1029 1444 1091; x_wconf 81' lang='lat' dir='ltr'><strong><em>utilitati</em></strong></span> <span class='ocrx_word' id='word_1_61' title='bbox 1473 1047 1649 1108; x_wconf 83' lang='lat' dir='ltr'><strong><em>agros</em></strong></span> <span class='ocrx_word' id='word_1_62' title='bbox 1694 1029 1890 1091; x_wconf 86' lang='lat' dir='ltr'><strong><em>omnis</em></strong></span> <span class='ocrx_word' id='word_1_63' title='bbox 1931 1038 1990 1091; x_wconf 91' lang='lat' dir='ltr'><strong><em>et</em></strong></span> <span class='ocrx_word' id='word_1_64' title='bbox 2032 1029 2213 1091; x_wconf 88' lang='lat' dir='ltr'><strong><em>maria</em></strong></span> <span class='ocrx_word' id='word_1_65' title='bbox 2257 1047 2366 1108; x_wconf 88' lang='lat' dir='ltr'><strong><em>pa-</em></strong></span> 
     </span>
     <span class='ocr_line' id='line_1_11' title="bbox 98 1114 2367 1194; baseline -0.001 -16"><span class='ocrx_word' id='word_1_66' title='bbox 98 1129 154 1178; x_wconf 89' lang='lat'><strong><em>10</em></strong></span> <span class='ocrx_word' id='word_1_67' title='bbox 200 1115 399 1177; x_wconf 87' lang='lat' dir='ltr'><strong><em>rentia</em></strong></span> <span class='ocrx_word' id='word_1_68' title='bbox 428 1135 542 1175; x_wconf 73' lang='grc' dir='ltr'><strong><em>-ε</em></strong></span> <span class='ocrx_word' id='word_1_69' title='bbox 588 1114 735 1176; x_wconf 91' lang='lat' dir='ltr'><strong><em>haec</em></strong></span> <span class='ocrx_word' id='word_1_70' title='bbox 765 1115 949 1193; x_wconf 85' lang='lat' dir='ltr'><strong><em>igitur</em></strong></span> <span class='ocrx_word' id='word_1_71' title='bbox 978 1123 1036 1176; x_wconf 91' lang='lat' dir='ltr'><strong><em>et</em></strong></span> <span class='ocrx_word' id='word_1_72' title='bbox 1066 1115 1175 1176; x_wconf 92' lang='lat' dir='ltr'><strong><em>alia</em></strong></span> <span class='ocrx_word' id='word_1_73' title='bbox 1206 1114 1665 1176; x_wconf 87' lang='lat' dir='ltr'><strong><em>innumerabilia</em></strong></span> <span class='ocrx_word' id='word_1_74' title='bbox 1696 1133 1833 1175; x_wconf 91' lang='lat' dir='ltr'><strong><em>cum</em></strong></span> <span class='ocrx_word' id='word_1_75' title='bbox 1865 1115 2186 1189; x_wconf 88' lang='lat' dir='ltr'><strong><em>cernimus,</em></strong></span> <span class='ocrx_word' id='word_1_76' title='bbox 2226 1133 2367 1194; x_wconf 91' lang='lat' dir='ltr'><strong><em>pos-</em></strong></span> 
     </span>
     <span class='ocr_line' id='line_1_12' title="bbox 203 1199 2367 1280; baseline -0.001 -17"><span class='ocrx_word' id='word_1_77' title='bbox 203 1219 493 1263; x_wconf 89' lang='lat' dir='ltr'><strong><em>sumusne</em></strong></span> <span class='ocrx_word' id='word_1_78' title='bbox 537 1199 807 1260; x_wconf 89' lang='lat' dir='ltr'><strong><em>dubitare</em></strong></span> <span class='ocrx_word' id='word_1_79' title='bbox 852 1200 997 1278; x_wconf 93' lang='lat' dir='ltr'><strong><em>quin</em></strong></span> <span class='ocrx_word' id='word_1_80' title='bbox 1044 1199 1116 1261; x_wconf 90' lang='lat' dir='ltr'><strong><em>iis</em></strong></span> <span class='ocrx_word' id='word_1_81' title='bbox 1159 1201 1380 1280; x_wconf 83' lang='lat' dir='ltr'><strong><em>praesit</em></strong></span> <span class='ocrx_word' id='word_1_82' title='bbox 1425 1199 1634 1279; x_wconf 89' lang='lat' dir='ltr'><strong><em>aliquis</em></strong></span> <span class='ocrx_word' id='word_1_83' title='bbox 1676 1200 1770 1260; x_wconf 86' lang='lat' dir='ltr'><strong><em>vel</em></strong></span> <span class='ocrx_word' id='word_1_84' title='bbox 1814 1199 2082 1273; x_wconf 86' lang='lat' dir='ltr'><strong><em>effector,</em></strong></span> <span class='ocrx_word' id='word_1_85' title='bbox 2126 1200 2177 1260; x_wconf 93' lang='lat' dir='ltr'><strong><em>si</em></strong></span> <span class='ocrx_word' id='word_1_86' title='bbox 2220 1200 2367 1260; x_wconf 90' lang='lat' dir='ltr'><strong><em>haec</em></strong></span> 
     </span>
     <span class='ocr_line' id='line_1_13' title="bbox 204 1282 2368 1365; baseline -0.002 -18"><span class='ocrx_word' id='word_1_87' title='bbox 204 1295 346 1347; x_wconf 86' lang='lat' dir='ltr'><strong><em>nata</em></strong></span> <span class='ocrx_word' id='word_1_88' title='bbox 375 1294 537 1360; x_wconf 91' lang='lat' dir='ltr'><strong><em>sunt,</em></strong></span> <span class='ocrx_word' id='word_1_89' title='bbox 572 1293 636 1346; x_wconf 90' lang='lat' dir='ltr'><strong><em>ut</em></strong></span> <span class='ocrx_word' id='word_1_90' title='bbox 669 1285 901 1364; x_wconf 80' lang='lat' dir='ltr'><strong><em>Platoni</em></strong></span> <span class='ocrx_word' id='word_1_91' title='bbox 933 1285 1181 1359; x_wconf 82' lang='lat' dir='ltr'><strong><em>videtur,</em></strong></span> <span class='ocrx_word' id='word_1_92' title='bbox 1209 1285 1302 1346; x_wconf 88' lang='lat' dir='ltr'><strong><em>vel</em></strong></span> <span class='ocrx_word' id='word_1_93' title='bbox 1330 1285 1379 1345; x_wconf 90' lang='lat' dir='ltr'><strong><em>si</em></strong></span> <span class='ocrx_word' id='word_1_94' title='bbox 1410 1303 1648 1364; x_wconf 87' lang='lat' dir='ltr'><strong><em>semper</em></strong></span> <span class='ocrx_word' id='word_1_95' title='bbox 1676 1286 1938 1365; x_wconf 83' lang='lat' dir='ltr'><strong><em>fuerunt,</em></strong></span> <span class='ocrx_word' id='word_1_96' title='bbox 1971 1292 2037 1345; x_wconf 91' lang='lat' dir='ltr'><strong><em>ut</em></strong></span> <span class='ocrx_word' id='word_1_97' title='bbox 2065 1282 2368 1345; x_wconf 86' lang='lat' dir='ltr'><strong><em>Aristoteli</em></strong></span> 
     </span>
     <span class='ocr_line' id='line_1_14' title="bbox 204 1366 2366 1452; baseline -0.001 -20"><span class='ocrx_word' id='word_1_98' title='bbox 204 1371 424 1452; x_wconf 89' lang='lat' dir='ltr'><strong><em>placet,</em></strong></span> <span class='ocrx_word' id='word_1_99' title='bbox 455 1370 795 1432; x_wconf 86' lang='lat' dir='ltr'><strong><em>moderator</em></strong></span> <span class='ocrx_word' id='word_1_100' title='bbox 823 1370 973 1432; x_wconf 86' lang='lat' dir='ltr'><strong><em>tanti</em></strong></span> <span class='ocrx_word' id='word_1_101' title='bbox 1007 1370 1205 1450; x_wconf 91' lang='lat' dir='ltr'><strong><em>operis</em></strong></span> <span class='ocrx_word' id='word_1_102' title='bbox 1235 1379 1295 1433; x_wconf 91' lang='lat' dir='ltr'><strong><em>et</em></strong></span> <span class='ocrx_word' id='word_1_103' title='bbox 1321 1366 1638 1431; x_wconf 76' lang='lat' dir='ltr'><strong><em>muneris?</em></strong></span> <span class='ocrx_word' id='word_1_104' title='bbox 1670 1369 1767 1430; x_wconf 90' lang='lat' dir='ltr'><strong><em>Sic</em></strong></span> <span class='ocrx_word' id='word_1_105' title='bbox 1796 1377 2055 1431; x_wconf 84' lang='lat' dir='ltr'><strong><em>mentem</em></strong></span> <span class='ocrx_word' id='word_1_106' title='bbox 2086 1368 2366 1443; x_wconf 73' lang='lat' dir='ltr'><strong><em>hominiS,</em></strong></span> 
     </span>
     <span class='ocr_line' id='line_1_15' title="bbox 204 1453 2367 1536; baseline -0.002 -18"><span class='ocrx_word' id='word_1_107' title='bbox 204 1457 474 1536; x_wconf 86' lang='lat' dir='ltr'><strong><em>quamvis</em></strong></span> <span class='ocrx_word' id='word_1_108' title='bbox 518 1474 644 1517; x_wconf 88' lang='lat' dir='ltr'><strong><em>eam</em></strong></span> <span class='ocrx_word' id='word_1_109' title='bbox 690 1474 814 1516; x_wconf 91' lang='lat' dir='ltr'><strong><em>non</em></strong></span> <span class='ocrx_word' id='word_1_110' title='bbox 857 1455 1074 1531; x_wconf 84' lang='lat' dir='ltr'><strong><em>videas,</em></strong></span> <span class='ocrx_word' id='word_1_111' title='bbox 1103 1465 1173 1516; x_wconf 87' lang='lat' dir='ltr'><strong><em>ut</em></strong></span> <span class='ocrx_word' id='word_1_112' title='bbox 1200 1454 1377 1516; x_wconf 88' lang='lat' dir='ltr'><strong><em>deum</em></strong></span> <span class='ocrx_word' id='word_1_113' title='bbox 1429 1474 1554 1516; x_wconf 93' lang='lat' dir='ltr'><strong><em>non</em></strong></span> <span class='ocrx_word' id='word_1_114' title='bbox 1584 1453 1764 1528; x_wconf 85' lang='lat' dir='ltr'><strong><em>vides,</em></strong></span> <span class='ocrx_word' id='word_1_115' title='bbox 1808 1462 2030 1528; x_wconf 87' lang='lat' dir='ltr'><strong><em>tamen,</em></strong></span> <span class='ocrx_word' id='word_1_116' title='bbox 2086 1461 2153 1516; x_wconf 92' lang='lat' dir='ltr'><strong><em>ut</em></strong></span> <span class='ocrx_word' id='word_1_117' title='bbox 2188 1454 2367 1515; x_wconf 92' lang='lat' dir='ltr'><strong><em>deum</em></strong></span> 
     </span>
     <span class='ocr_line' id='line_1_16' title="bbox 107 1538 2367 1621; baseline -0.001 -19"><span class='ocrx_word' id='word_1_118' title='bbox 107 1553 161 1604; x_wconf 84' lang='lat'><strong><em>15</em></strong></span> <span class='ocrx_word' id='word_1_119' title='bbox 205 1541 524 1621; x_wconf 83' lang='lat' dir='ltr'><strong><em>adgnoscis</em></strong></span> <span class='ocrx_word' id='word_1_120' title='bbox 553 1559 625 1602; x_wconf 87' lang='lat' dir='ltr'><strong><em>ex</em></strong></span> <span class='ocrx_word' id='word_1_121' title='bbox 656 1540 938 1621; x_wconf 86' lang='lat' dir='ltr'><strong><em>operibus</em></strong></span> <span class='ocrx_word' id='word_1_122' title='bbox 969 1541 1114 1616; x_wconf 81' lang='lat' dir='ltr'><strong><em>eiuS,</em></strong></span> <span class='ocrx_word' id='word_1_123' title='bbox 1167 1541 1251 1602; x_wconf 90' lang='lat' dir='ltr'><strong><em>sic</em></strong></span> <span class='ocrx_word' id='word_1_124' title='bbox 1284 1559 1356 1602; x_wconf 87' lang='lat' dir='ltr'><strong><em>ex</em></strong></span> <span class='ocrx_word' id='word_1_125' title='bbox 1385 1540 1671 1601; x_wconf 90' lang='lat' dir='ltr'><strong><em>memoria</em></strong></span> <span class='ocrx_word' id='word_1_126' title='bbox 1700 1557 1901 1601; x_wconf 89' lang='lat' dir='ltr'><strong><em>rerum</em></strong></span> <span class='ocrx_word' id='word_1_127' title='bbox 1933 1547 1993 1600; x_wconf 89' lang='lat' dir='ltr'><strong><em>et</em></strong></span> <span class='ocrx_word' id='word_1_128' title='bbox 2020 1538 2367 1600; x_wconf 85' lang='lat' dir='ltr'><strong><em>inventione</em></strong></span> 
     </span>
     <span class='ocr_line' id='line_1_17' title="bbox 207 1624 2367 1706; baseline -0.002 -18"><span class='ocrx_word' id='word_1_129' title='bbox 207 1636 269 1688; x_wconf 88' lang='lat' dir='ltr'><strong><em>et</em></strong></span> <span class='ocrx_word' id='word_1_130' title='bbox 299 1626 600 1690; x_wconf 88' lang='lat' dir='ltr'><strong><em>celeritate</em></strong></span> <span class='ocrx_word' id='word_1_131' title='bbox 641 1634 840 1688; x_wconf 89' lang='lat' dir='ltr'><strong><em>motus</em></strong></span> <span class='ocrx_word' id='word_1_132' title='bbox 870 1626 1153 1706; x_wconf 89' lang='lat' dir='ltr'><strong><em>omnique</em></strong></span> <span class='ocrx_word' id='word_1_133' title='bbox 1184 1625 1632 1706; x_wconf 88' lang='lat' dir='ltr'><strong><em>pulchritudine</em></strong></span> <span class='ocrx_word' id='word_1_134' title='bbox 1676 1625 1907 1687; x_wconf 88' lang='lat' dir='ltr'><strong><em>virtutis</em></strong></span> <span class='ocrx_word' id='word_1_135' title='bbox 1952 1624 2065 1685; x_wconf 90' lang='lat' dir='ltr'><strong><em>vim</em></strong></span> <span class='ocrx_word' id='word_1_136' title='bbox 2110 1624 2367 1685; x_wconf 89' lang='lat' dir='ltr'><strong><em>divinam</em></strong></span> 
     </span>
    </p>
   </div>
   <div class='ocr_carea' id='block_1_3' title="bbox 204 1712 823 1792">
    <p class='ocr_par' dir='ltr' id='par_1_3' title="bbox 204 1712 823 1792">
     <span class='ocr_line' id='line_1_18' title="bbox 204 1712 823 1792; baseline 0.003 -20"><span class='ocrx_word' id='word_1_137' title='bbox 204 1713 428 1774; x_wconf 89' lang='lat' dir='ltr'><strong><em>mentis</em></strong></span> <span class='ocrx_word' id='word_1_138' title='bbox 456 1712 823 1792; x_wconf 84' lang='lat' dir='ltr'><strong><em>adgnoscito.</em></strong></span> 
     </span>
    </p>
   </div>
   <div class='ocr_carea' id='block_1_4' title="bbox 212 1794 2475 1962">
    <p class='ocr_par' dir='ltr' id='par_1_4' title="bbox 212 1794 2475 1962">
     <span class='ocr_line' id='line_1_19' title="bbox 382 1794 2475 1876; baseline -0.003 -19"><span class='ocrx_word' id='word_1_139' title='bbox 382 1797 452 1858; x_wconf 92' lang='lat' dir='ltr'><strong><em>In</em></strong></span> <span class='ocrx_word' id='word_1_140' title='bbox 499 1815 619 1876; x_wconf 91' lang='lat' dir='ltr'><strong><em>quo</em></strong></span> <span class='ocrx_word' id='word_1_141' title='bbox 665 1797 844 1875; x_wconf 83' lang='lat' dir='ltr'><strong><em>igitur</em></strong></span> <span class='ocrx_word' id='word_1_142' title='bbox 887 1796 1019 1858; x_wconf 92' lang='lat' dir='ltr'><strong><em>loco</em></strong></span> <span class='ocrx_word' id='word_1_143' title='bbox 1065 1794 1199 1858; x_wconf 86' lang='lat' dir='ltr'><strong><em>est?</em></strong></span> <span class='ocrx_word' id='word_1_144' title='bbox 1257 1795 1449 1858; x_wconf 88' lang='lat' dir='ltr'><strong><em>Credo</em></strong></span> <span class='ocrx_word' id='word_1_145' title='bbox 1496 1794 1771 1875; x_wconf 86' lang='lat' dir='ltr'><strong><em>equidem</em></strong></span> <span class='ocrx_word' id='word_1_146' title='bbox 1801 1795 1863 1856; x_wconf 93' lang='lat' dir='ltr'><strong><em>in</em></strong></span> <span class='ocrx_word' id='word_1_147' title='bbox 1896 1796 2108 1875; x_wconf 89' lang='lat' dir='ltr'><strong><em>capite,</em></strong></span> <span class='ocrx_word' id='word_1_148' title='bbox 2155 1803 2214 1857; x_wconf 90' lang='lat' dir='ltr'><strong><em>et</em></strong></span> <span class='ocrx_word' id='word_1_149' title='bbox 2259 1811 2367 1855; x_wconf 90' lang='lat' dir='ltr'><strong><em>cur</em></strong></span> <span class='ocrx_word' id='word_1_150' title='bbox 2397 1796 2475 1852; x_wconf 77' lang='lat'><strong><em>29</em></strong></span> 
     </span>
     <span class='ocr_line' id='line_1_20' title="bbox 212 1878 2369 1962; baseline -0.002 -19"><span class='ocrx_word' id='word_1_151' title='bbox 212 1882 451 1944; x_wconf 88' lang='lat' dir='ltr'><strong><em>credam</em></strong></span> <span class='ocrx_word' id='word_1_152' title='bbox 481 1882 712 1943; x_wconf 82' lang='lat' dir='ltr'><strong><em>adferre</em></strong></span> <span class='ocrx_word' id='word_1_153' title='bbox 740 1900 1005 1962; x_wconf 90' lang='lat' dir='ltr'><strong><em>possum.</em></strong></span> <span class='ocrx_word' id='word_1_154' title='bbox 1067 1882 1185 1944; x_wconf 91' lang='lat' dir='ltr'><strong><em>Sed</em></strong></span> <span class='ocrx_word' id='word_1_155' title='bbox 1219 1881 1359 1943; x_wconf 87' lang='lat' dir='ltr'><strong><em>alias</em></strong></span> <span class='ocrx_word' id='word_1_156' title='bbox 1391 1880 1495 1943; x_wconf 88' lang='lat' dir='ltr'><strong><em>uhi</em></strong></span> <span class='ocrx_word' id='word_1_157' title='bbox 1525 1881 1602 1942; x_wconf 89' lang='lat' dir='ltr'><strong><em>sit</em></strong></span> <span class='ocrx_word' id='word_1_158' title='bbox 1630 1880 1891 1957; x_wconf 90' lang='lat' dir='ltr'><strong><em>animus;</em></strong></span> <span class='ocrx_word' id='word_1_159' title='bbox 1938 1889 2098 1942; x_wconf 85' lang='lat' dir='ltr'><strong><em>certe</em></strong></span> <span class='ocrx_word' id='word_1_160' title='bbox 2128 1878 2369 1960; x_wconf 90' lang='lat' dir='ltr'><strong><em>quidem</em></strong></span> 
     </span>
    </p>
   </div>
   <div class='ocr_carea' id='block_1_5' title="bbox 211 2013 1241 2559">
    <p class='ocr_par' dir='ltr' id='par_1_5' title="bbox 211 2013 1237 2355">
     <span class='ocr_line' id='line_1_21' title="bbox 284 2013 1236 2080; baseline -0.004 -11"><span class='ocrx_word' id='word_1_161' title='bbox 284 2019 330 2069; x_wconf 89' lang='lat'><strong><em>1.</em></strong></span> <span class='ocrx_word' id='word_1_162' title='bbox 405 2013 622 2067; x_wconf 82' lang='lat' dir='ltr'><strong><em>Caelum</em></strong></span> <span class='ocrx_word' id='word_1_163' title='bbox 657 2020 773 2080; x_wconf 72' lang='lat' dir='ltr'><strong><em>cet„</em></strong></span> <span class='ocrx_word' id='word_1_164' title='bbox 809 2014 1236 2067; x_wconf 83' lang='lat' dir='ltr'><strong><em>wahrscheinlich</em></strong></span> 
     </span>
     <span class='ocr_line' id='line_1_22' title="bbox 211 2082 1237 2148; baseline -0.002 -13"><span class='ocrx_word' id='word_1_165' title='bbox 211 2098 305 2135; x_wconf 83' lang='lat' dir='ltr'><strong><em>aus</em></strong></span> <span class='ocrx_word' id='word_1_166' title='bbox 329 2083 423 2134; x_wconf 84' lang='lat' dir='ltr'><strong><em>des</em></strong></span> <span class='ocrx_word' id='word_1_167' title='bbox 448 2082 641 2135; x_wconf 85' lang='lat' dir='ltr'><strong><em>Ennius</em></strong></span> <span class='ocrx_word' id='word_1_168' title='bbox 665 2083 981 2135; x_wconf 87' lang='lat' dir='ltr'><strong><em>Eumeniden</em></strong></span> <span class='ocrx_word' id='word_1_169' title='bbox 1005 2083 1159 2148; x_wconf 89' lang='lat' dir='ltr'><strong><em>(denn</em></strong></span> <span class='ocrx_word' id='word_1_170' title='bbox 1184 2083 1237 2133; x_wconf 88' lang='lat' dir='ltr'><strong><em>in</em></strong></span> 
     </span>
     <span class='ocr_line' id='line_1_23' title="bbox 211 2150 1236 2215; baseline -0.002 -11"><span class='ocrx_word' id='word_1_171' title='bbox 211 2151 399 2204; x_wconf 83' lang='lat' dir='ltr'><strong><em>Aesch.</em></strong></span> <span class='ocrx_word' id='word_1_172' title='bbox 417 2152 647 2215; x_wconf 89' lang='lat' dir='ltr'><strong><em>Eumen.‚</em></strong></span> <span class='ocrx_word' id='word_1_173' title='bbox 667 2151 866 2204; x_wconf 82' lang='lat' dir='ltr'><strong><em>welche</em></strong></span> <span class='ocrx_word' id='word_1_174' title='bbox 878 2150 1071 2204; x_wconf 87' lang='lat' dir='ltr'><strong><em>Ennius</em></strong></span> <span class='ocrx_word' id='word_1_175' title='bbox 1083 2151 1236 2203; x_wconf 84' lang='lat' dir='ltr'><strong><em>nach-</em></strong></span> 
     </span>
     <span class='ocr_line' id='line_1_24' title="bbox 213 2219 1237 2287; baseline -0.001 -15"><span class='ocrx_word' id='word_1_176' title='bbox 213 2219 443 2286; x_wconf 82' lang='lat' dir='ltr'><strong><em>gebildet</em></strong></span> <span class='ocrx_word' id='word_1_177' title='bbox 489 2219 603 2285; x_wconf 83' lang='lat' dir='ltr'><strong><em>hat,</em></strong></span> <span class='ocrx_word' id='word_1_178' title='bbox 646 2220 715 2271; x_wconf 82' lang='lat' dir='ltr'><strong><em>ist</em></strong></span> <span class='ocrx_word' id='word_1_179' title='bbox 758 2236 808 2272; x_wconf 86' lang='lat' dir='ltr'><strong><em>v.</em></strong></span> <span class='ocrx_word' id='word_1_180' title='bbox 847 2221 1075 2287; x_wconf 82' lang='lat' dir='ltr'><strong><em>903sqq.</em></strong></span> <span class='ocrx_word' id='word_1_181' title='bbox 1123 2220 1237 2271; x_wconf 84' lang='lat' dir='ltr'><strong><em>eine</em></strong></span> 
     </span>
     <span class='ocr_line' id='line_1_25' title="bbox 214 2286 854 2355; baseline -0.003 -15"><span class='ocrx_word' id='word_1_182' title='bbox 214 2303 343 2355; x_wconf 73' lang='lat' dir='ltr'><strong><em>ganz</em></strong></span> <span class='ocrx_word' id='word_1_183' title='bbox 382 2286 617 2341; x_wconf 66' lang='lat' dir='ltr'><strong><em>ahnliche</em></strong></span> <span class='ocrx_word' id='word_1_184' title='bbox 654 2286 854 2352; x_wconf 86' lang='lat' dir='ltr'><strong><em>Stelle).</em></strong></span> 
     </span>
    </p>

    <p class='ocr_par' dir='ltr' id='par_1_6' title="bbox 216 2353 1241 2559">
     <span class='ocr_line' id='line_1_26' title="bbox 281 2353 1239 2421; baseline -0.002 -14"><span class='ocrx_word' id='word_1_185' title='bbox 281 2353 625 2416; x_wconf 71' lang='lat' dir='ltr'><strong><em>frondescere</em></strong></span> <span class='ocrx_word' id='word_1_186' title='bbox 648 2383 714 2394; x_wconf 93' lang='lat'>-</span> <span class='ocrx_word' id='word_1_187' title='bbox 735 2357 1021 2421; x_wconf 74' lang='lat' dir='ltr'><strong><em>pubescere</em></strong></span> <span class='ocrx_word' id='word_1_188' title='bbox 1055 2382 1123 2392; x_wconf 89' lang='lat'><strong>—</strong></span> <span class='ocrx_word' id='word_1_189' title='bbox 1156 2355 1239 2405; x_wconf 86' lang='lat' dir='ltr'><strong><em>in·</em></strong></span> 
     </span>
     <span class='ocr_line' id='line_1_27' title="bbox 217 2421 1241 2477; baseline -0.002 -1"><span class='ocrx_word' id='word_1_190' title='bbox 217 2439 537 2477; x_wconf 73' lang='lat' dir='ltr'><strong><em>curvescere.</em></strong></span> <span class='ocrx_word' id='word_1_191' title='bbox 574 2422 666 2475; x_wconf 85' lang='lat' dir='ltr'><strong><em>Die</em></strong></span> <span class='ocrx_word' id='word_1_192' title='bbox 684 2424 824 2476; x_wconf 86' lang='lat' dir='ltr'><strong><em>alten</em></strong></span> <span class='ocrx_word' id='word_1_193' title='bbox 843 2423 1047 2475; x_wconf 86' lang='lat' dir='ltr'><strong><em>Dichter</em></strong></span> <span class='ocrx_word' id='word_1_194' title='bbox 1070 2421 1241 2474; x_wconf 80' lang='lat' dir='ltr'><strong><em>lichen</em></strong></span> 
     </span>
     <span class='ocr_line' id='line_1_28' title="bbox 216 2487 1105 2559; baseline -0.001 -15"><span class='ocrx_word' id='word_1_195' title='bbox 216 2491 299 2544; x_wconf 83' lang='lat' dir='ltr'><strong><em>die</em></strong></span> <span class='ocrx_word' id='word_1_196' title='bbox 337 2487 746 2559; x_wconf 45' lang='lat' dir='ltr'><strong><em>anctoritatem</em></strong></span> <span class='ocrx_word' id='word_1_197' title='bbox 783 2492 887 2558; x_wconf 82' lang='lat' dir='ltr'><strong><em>vgl.</em></strong></span> <span class='ocrx_word' id='word_1_198' title='bbox 913 2493 996 2557; x_wconf 83' lang='lat'><strong><em>35,</em></strong></span> <span class='ocrx_word' id='word_1_199' title='bbox 1021 2492 1105 2543; x_wconf 85' lang='lat'><strong><em>85.</em></strong></span> 
     </span>
    </p>
   </div>
   <div class='ocr_carea' id='block_1_6' title="bbox 27 2574 1251 3410">
    <p class='ocr_par' dir='ltr' id='par_1_7' title="bbox 220 2574 1244 2915">
     <span class='ocr_line' id='line_1_29' title="bbox 286 2574 1244 2639; baseline -0.003 -9"><span class='ocrx_word' id='word_1_200' title='bbox 286 2580 335 2632; x_wconf 84' lang='lat'><strong><em>2.</em></strong></span> <span class='ocrx_word' id='word_1_201' title='bbox 409 2576 678 2639; x_wconf 80' lang='lat' dir='ltr'><strong><em>laetificae</em></strong></span> <span class='ocrx_word' id='word_1_202' title='bbox 736 2576 819 2629; x_wconf 74' lang='lat' dir='ltr'><strong>ffu-</strong></span> <span class='ocrx_word' id='word_1_203' title='bbox 877 2576 969 2629; x_wconf 84' lang='lat' dir='ltr'><strong><em>das</em></strong></span> <span class='ocrx_word' id='word_1_204' title='bbox 1028 2574 1244 2627; x_wconf 75' lang='lat' dir='ltr'><strong><em>ki’irzere</em></strong></span> 
     </span>
     <span class='ocr_line' id='line_1_30' title="bbox 221 2644 1242 2711; baseline -0.002 -15"><span class='ocrx_word' id='word_1_205' title='bbox 221 2645 404 2709; x_wconf 82' lang='lat' dir='ltr'><strong><em>laetae,</em></strong></span> <span class='ocrx_word' id='word_1_206' title='bbox 441 2661 536 2697; x_wconf 91' lang='lat' dir='ltr'><strong><em>nur</em></strong></span> <span class='ocrx_word' id='word_1_207' title='bbox 569 2647 619 2697; x_wconf 91' lang='lat' dir='ltr'><strong><em>in</em></strong></span> <span class='ocrx_word' id='word_1_208' title='bbox 656 2645 745 2697; x_wconf 88' lang='lat' dir='ltr'><strong><em>der</em></strong></span> <span class='ocrx_word' id='word_1_209' title='bbox 770 2645 964 2698; x_wconf 68' lang='lat' dir='ltr'><strong><em>alteren</em></strong></span> <span class='ocrx_word' id='word_1_210' title='bbox 991 2644 1242 2711; x_wconf 82' lang='lat' dir='ltr'><strong><em>Sprache;</em></strong></span> 
     </span>
     <span class='ocr_line' id='line_1_31' title="bbox 220 2713 1237 2779; baseline -0.003 -14"><span class='ocrx_word' id='word_1_211' title='bbox 220 2714 411 2766; x_wconf 87' lang='lat' dir='ltr'><strong><em>ebenso</em></strong></span> <span class='ocrx_word' id='word_1_212' title='bbox 434 2713 491 2767; x_wconf 82' lang='lat' dir='ltr'><strong><em>n.</em></strong></span> <span class='ocrx_word' id='word_1_213' title='bbox 517 2716 566 2779; x_wconf 88' lang='grc'><strong><em>9,</em></strong></span> <span class='ocrx_word' id='word_1_214' title='bbox 590 2716 681 2767; x_wconf 84' lang='grc'><strong><em>22;</em></strong></span> <span class='ocrx_word' id='word_1_215' title='bbox 706 2714 1004 2776; x_wconf 47' lang='lat' dir='ltr'><strong><em>vanificum</em></strong></span> <span class='ocrx_word' id='word_1_216' title='bbox 1045 2717 1123 2777; x_wconf 88' lang='lat'><strong><em>10,</em></strong></span> <span class='ocrx_word' id='word_1_217' title='bbox 1150 2714 1237 2764; x_wconf 85' lang='lat'><strong><em>25:</em></strong></span> 
     </span>
     <span class='ocr_line' id='line_1_32' title="bbox 220 2780 1243 2847; baseline -0.001 -13"><span class='ocrx_word' id='word_1_218' title='bbox 220 2782 510 2845; x_wconf 79' lang='lat' dir='ltr'><strong><em>luctificm3</em></strong></span> <span class='ocrx_word' id='word_1_219' title='bbox 537 2781 617 2833; x_wconf 87' lang='lat' dir='ltr'><strong><em>nl.</em></strong></span> <span class='ocrx_word' id='word_1_220' title='bbox 648 2785 727 2847; x_wconf 89' lang='grc'><strong><em>19,</em></strong></span> <span class='ocrx_word' id='word_1_221' title='bbox 750 2785 839 2834; x_wconf 83' lang='lat'><strong><em>44:</em></strong></span> <span class='ocrx_word' id='word_1_222' title='bbox 871 2782 1123 2847; x_wconf 78' lang='lat' dir='ltr'><strong><em>regifice;</em></strong></span> <span class='ocrx_word' id='word_1_223' title='bbox 1157 2780 1243 2833; x_wconf 81' lang='lat' dir='ltr'><strong><em>lv.</em></strong></span> 
     </span>
     <span class='ocr_line' id='line_1_33' title="bbox 222 2849 725 2915; baseline 0 -13"><span class='ocrx_word' id='word_1_224' title='bbox 222 2852 301 2915; x_wconf 82' lang='lat'><strong><em>16,</em></strong></span> <span class='ocrx_word' id='word_1_225' title='bbox 325 2852 420 2903; x_wconf 82' lang='lat'><strong><em>36:</em></strong></span> <span class='ocrx_word' id='word_1_226' title='bbox 459 2849 725 2912; x_wconf 74' lang='lat' dir='ltr'><strong><em>tabificus.</em></strong></span> 
     </span>
    </p>

    <p class='ocr_par' dir='ltr' id='par_1_8' title="bbox 220 2925 1245 3069">
     <span class='ocr_line' id='line_1_34' title="bbox 279 2925 1243 3001; baseline 0.001 -17"><span class='ocrx_word' id='word_1_227' title='bbox 279 2937 568 3001; x_wconf 75' lang='lat' dir='ltr'><strong><em>pubescere</em></strong></span> <span class='ocrx_word' id='word_1_228' title='bbox 622 2929 750 2987; x_wconf 89' lang='lat' dir='ltr'><strong><em>‘sich</em></strong></span> <span class='ocrx_word' id='word_1_229' title='bbox 806 2925 1132 2999; x_wconf 86' lang='lat' dir='ltr'><strong><em>bekleiden’‚</em></strong></span> <span class='ocrx_word' id='word_1_230' title='bbox 1192 2933 1243 2985; x_wconf 89' lang='lat' dir='ltr'><strong><em>in</em></strong></span> 
     </span>
     <span class='ocr_line' id='line_1_35' title="bbox 220 3001 1245 3069; baseline 0 -14"><span class='ocrx_word' id='word_1_231' title='bbox 220 3003 381 3056; x_wconf 85' lang='lat' dir='ltr'><strong><em>dieter</em></strong></span> <span class='ocrx_word' id='word_1_232' title='bbox 405 3001 708 3069; x_wconf 81' lang='lat' dir='ltr'><strong><em>Bedeutung</em></strong></span> <span class='ocrx_word' id='word_1_233' title='bbox 733 3017 828 3054; x_wconf 89' lang='lat' dir='ltr'><strong><em>nur</em></strong></span> <span class='ocrx_word' id='word_1_234' title='bbox 863 3002 1116 3068; x_wconf 75' lang='lat' dir='ltr'><strong><em>poetisch.</em></strong></span> <span class='ocrx_word' id='word_1_235' title='bbox 1175 3001 1245 3055; x_wconf 89' lang='lat' dir='ltr'><strong><em>So</em></strong></span> 
     </span>
    </p>

    <p class='ocr_par' dir='ltr' id='par_1_9' title="bbox 27 3011 1248 3208">
     <span class='ocr_line' id='line_1_36' title="bbox 27 3011 1248 3208; baseline -0.002 -85"><span class='ocrx_word' id='word_1_236' title='bbox 27 3011 34 3208; x_wconf 64' lang='grc' dir='ltr'><strong>ι</strong></span> <span class='ocrx_word' id='word_1_237' title='bbox 221 3071 368 3124; x_wconf 83' lang='lat' dir='ltr'><strong><em>ovid.</em></strong></span> <span class='ocrx_word' id='word_1_238' title='bbox 397 3070 550 3123; x_wconf 82' lang='lat' dir='ltr'><strong><em>Trist.</em></strong></span> <span class='ocrx_word' id='word_1_239' title='bbox 577 3071 655 3122; x_wconf 87' lang='lat'>111.</span> <span class='ocrx_word' id='word_1_240' title='bbox 678 3073 759 3136; x_wconf 88' lang='grc'><strong><em>12,</em></strong></span> <span class='ocrx_word' id='word_1_241' title='bbox 778 3075 831 3123; x_wconf 80' lang='lat'><strong><em>7:</em></strong></span> <span class='ocrx_word' id='word_1_242' title='bbox 857 3072 1128 3135; x_wconf 76' lang='lat' dir='ltr'><strong><em>Prataque</em></strong></span> <span class='ocrx_word' id='word_1_243' title='bbox 1147 3086 1248 3136; x_wconf 84' lang='lat' dir='ltr'><strong><em>pu·</em></strong></span> 
     </span>
     <span class='ocr_line' id='line_1_37' title="bbox 144 3140 1215 3202; baseline -0.003 -8"><span class='ocrx_word' id='word_1_244' title='bbox 144 3189 149 3194; x_wconf 87' lang='lat'><strong>.</strong></span> <span class='ocrx_word' id='word_1_245' title='bbox 222 3142 442 3191; x_wconf 78' lang='lat' dir='ltr'><strong><em>beecunt</em></strong></span> <span class='ocrx_word' id='word_1_246' title='bbox 473 3142 755 3191; x_wconf 83' lang='lat' dir='ltr'><strong><em>variorum</em></strong></span> <span class='ocrx_word' id='word_1_247' title='bbox 786 3140 924 3202; x_wconf 78' lang='lat' dir='ltr'><strong><em>flore</em></strong></span> <span class='ocrx_word' id='word_1_248' title='bbox 958 3140 1215 3191; x_wconf 68' lang='lat' dir='ltr'><strong><em>colorum,</em></strong></span> 
     </span>
    </p>

    <p class='ocr_par' dir='ltr' id='par_1_10' title="bbox 222 3205 1251 3410">
     <span class='ocr_line' id='line_1_38' title="bbox 288 3205 1249 3272; baseline -0.002 -11"><span class='ocrx_word' id='word_1_249' title='bbox 288 3212 335 3261; x_wconf 83' lang='lat'><strong><em>5.</em></strong></span> <span class='ocrx_word' id='word_1_250' title='bbox 372 3211 580 3259; x_wconf 74' lang='lat' dir='ltr'><strong><em>scatere</em></strong></span> <span class='ocrx_word' id='word_1_251' title='bbox 632 3207 762 3259; x_wconf 89' lang='lat' dir='ltr'><strong><em>nach</em></strong></span> <span class='ocrx_word' id='word_1_252' title='bbox 817 3206 908 3257; x_wconf 89' lang='lat' dir='ltr'><strong><em>der</em></strong></span> <span class='ocrx_word' id='word_1_253' title='bbox 946 3210 993 3260; x_wconf 87' lang='grc'><strong><em>3.</em></strong></span> <span class='ocrx_word' id='word_1_254' title='bbox 1022 3205 1249 3272; x_wconf 75' lang='lat' dir='ltr'><strong><em>Konjug.</em></strong></span> 
     </span>
     <span class='ocr_line' id='line_1_39' title="bbox 222 3272 1251 3340; baseline -0.002 -14"><span class='ocrx_word' id='word_1_255' title='bbox 222 3276 289 3327; x_wconf 86' lang='lat' dir='ltr'><strong><em>ist</em></strong></span> <span class='ocrx_word' id='word_1_256' title='bbox 322 3274 693 3340; x_wconf 81' lang='lat' dir='ltr'><strong><em>vorkleesisch,</em></strong></span> <span class='ocrx_word' id='word_1_257' title='bbox 728 3278 829 3326; x_wconf 83' lang='lat' dir='ltr'><strong><em>wie</em></strong></span> <span class='ocrx_word' id='word_1_258' title='bbox 862 3272 1087 3339; x_wconf 61' lang='lat' dir='ltr'><strong><em>fervere,</em></strong></span> <span class='ocrx_word' id='word_1_259' title='bbox 1122 3277 1251 3325; x_wconf 75' lang='lat' dir='ltr'><strong><em>stri·</em></strong></span> 
     </span>
     <span class='ocr_line' id='line_1_40' title="bbox 225 3341 1249 3410; baseline 0.001 -15"><span class='ocrx_word' id='word_1_260' title='bbox 225 3343 360 3408; x_wconf 63' lang='lat' dir='ltr'><strong><em>dere,</em></strong></span> <span class='ocrx_word' id='word_1_261' title='bbox 400 3342 610 3410; x_wconf 65' lang='lat' dir='ltr'><strong><em>tergere</em></strong></span> <span class='ocrx_word' id='word_1_262' title='bbox 644 3348 770 3395; x_wconf 86' lang='lat' dir='ltr'><strong><em>statt</em></strong></span> <span class='ocrx_word' id='word_1_263' title='bbox 802 3341 1015 3404; x_wconf 71' lang='lat' dir='ltr'><strong><em>fervere</em></strong></span> <span class='ocrx_word' id='word_1_264' title='bbox 1037 3359 1087 3395; x_wconf 90' lang='lat' dir='ltr'><strong><em>u.</em></strong></span> <span class='ocrx_word' id='word_1_265' title='bbox 1114 3357 1155 3394; x_wconf 81' lang='lat' dir='ltr'><strong><em>s,</em></strong></span> <span class='ocrx_word' id='word_1_266' title='bbox 1183 3358 1249 3396; x_wconf 76' lang='lat' dir='ltr'><strong><em>w-</em></strong></span> 
     </span>
    </p>
   </div>
   <div class='ocr_carea' id='block_1_7' title="bbox 219 3427 1252 3755">
    <p class='ocr_par' dir='ltr' id='par_1_11' title="bbox 219 3427 1252 3755">
     <span class='ocr_line' id='line_1_41' title="bbox 291 3427 1250 3483; baseline -0.004 0"><span class='ocrx_word' id='word_1_267' title='bbox 291 3432 337 3483; x_wconf 88' lang='lat'><strong><em>8.</em></strong></span> <span class='ocrx_word' id='word_1_268' title='bbox 409 3428 629 3480; x_wconf 82' lang='lat' dir='ltr'><strong><em>deorum</em></strong></span> <span class='ocrx_word' id='word_1_269' title='bbox 700 3428 959 3479; x_wconf 82' lang='lat' dir='ltr'><strong><em>cultorem</em></strong></span> <span class='ocrx_word' id='word_1_270' title='bbox 1021 3427 1090 3478; x_wconf 86' lang='lat' dir='ltr'><strong><em>ist</em></strong></span> <span class='ocrx_word' id='word_1_271' title='bbox 1136 3427 1250 3479; x_wconf 87' lang='lat' dir='ltr'><strong><em>eine</em></strong></span> 
     </span>
     <span class='ocr_line' id='line_1_42' title="bbox 226 3494 1252 3562; baseline -0.002 -15"><span class='ocrx_word' id='word_1_272' title='bbox 226 3494 381 3549; x_wconf 86' lang='lat' dir='ltr'><strong><em>durch</em></strong></span> <span class='ocrx_word' id='word_1_273' title='bbox 427 3496 518 3549; x_wconf 84' lang='lat' dir='ltr'><strong><em>das</em></strong></span> <span class='ocrx_word' id='word_1_274' title='bbox 561 3494 981 3562; x_wconf 75' lang='lat' dir='ltr'><strong><em>vorhergehende</em></strong></span> <span class='ocrx_word' id='word_1_275' title='bbox 1025 3501 1252 3547; x_wconf 84' lang='lat' dir='ltr'><strong><em>contem·</em></strong></span> 
     </span>
     <span class='ocr_line' id='line_1_43' title="bbox 219 3562 1252 3630; baseline -0.003 -13"><span class='ocrx_word' id='word_1_276' title='bbox 219 3566 487 3630; x_wconf 84' lang='lat' dir='ltr'><strong><em>platorem</em></strong></span> <span class='ocrx_word' id='word_1_277' title='bbox 521 3566 658 3616; x_wconf 85' lang='lat' dir='ltr'><strong><em>caeli</em></strong></span> <span class='ocrx_word' id='word_1_278' title='bbox 692 3562 1124 3629; x_wconf 79' lang='lat' dir='ltr'><strong><em>hervorgerusene</em></strong></span> <span class='ocrx_word' id='word_1_279' title='bbox 1146 3564 1252 3614; x_wconf 89' lang='lat' dir='ltr'><strong><em>An-</em></strong></span> 
     </span>
     <span class='ocr_line' id='line_1_44' title="bbox 228 3630 1252 3702; baseline -0.003 -18"><span class='ocrx_word' id='word_1_280' title='bbox 228 3633 521 3702; x_wconf 84' lang='lat' dir='ltr'><strong><em>ticipation,</em></strong></span> <span class='ocrx_word' id='word_1_281' title='bbox 556 3632 617 3685; x_wconf 90' lang='lat' dir='ltr'><strong><em>da</em></strong></span> <span class='ocrx_word' id='word_1_282' title='bbox 658 3633 750 3684; x_wconf 85' lang='lat' dir='ltr'><strong><em>das</em></strong></span> <span class='ocrx_word' id='word_1_283' title='bbox 785 3632 970 3684; x_wconf 85' lang='lat' dir='ltr'><strong><em>Dasein</em></strong></span> <span class='ocrx_word' id='word_1_284' title='bbox 1008 3630 1097 3683; x_wconf 88' lang='lat' dir='ltr'><strong><em>der</em></strong></span> <span class='ocrx_word' id='word_1_285' title='bbox 1131 3631 1252 3684; x_wconf 73' lang='lat' dir='ltr'><strong><em>Got-</em></strong></span> 
     </span>
     <span class='ocr_line' id='line_1_45' title="bbox 235 3698 1131 3755; baseline -0.001 -2"><span class='ocrx_word' id='word_1_286' title='bbox 235 3707 310 3753; x_wconf 80' lang='lat' dir='ltr'><strong><em>ter</em></strong></span> <span class='ocrx_word' id='word_1_287' title='bbox 344 3708 450 3753; x_wconf 88' lang='lat' dir='ltr'><strong><em>erst</em></strong></span> <span class='ocrx_word' id='word_1_288' title='bbox 485 3701 736 3755; x_wconf 82' lang='lat' dir='ltr'><strong><em>erwiesen</em></strong></span> <span class='ocrx_word' id='word_1_289' title='bbox 776 3700 980 3752; x_wconf 85' lang='lat' dir='ltr'><strong><em>werden</em></strong></span> <span class='ocrx_word' id='word_1_290' title='bbox 1017 3698 1131 3752; x_wconf 87' lang='lat' dir='ltr'><strong><em>soll.</em></strong></span> 
     </span>
    </p>
   </div>
   <div class='ocr_carea' id='block_1_8' title="bbox 228 3784 1254 3919">
    <p class='ocr_par' dir='ltr' id='par_1_12' title="bbox 228 3784 1254 3919">
     <span class='ocr_line' id='line_1_46' title="bbox 297 3784 1253 3850; baseline -0.002 -11"><span class='ocrx_word' id='word_1_291' title='bbox 297 3789 378 3839; x_wconf 87' lang='lat'><strong><em>11.</em></strong></span> <span class='ocrx_word' id='word_1_292' title='bbox 411 3788 463 3838; x_wconf 75' lang='lat' dir='ltr'><strong><em>ei</em></strong></span> <span class='ocrx_word' id='word_1_293' title='bbox 497 3788 629 3839; x_wconf 78' lang='lat' dir='ltr'><strong><em>haec</em></strong></span> <span class='ocrx_word' id='word_1_294' title='bbox 662 3789 793 3836; x_wconf 79' lang='lat' dir='ltr'><strong><em>nata</em></strong></span> <span class='ocrx_word' id='word_1_295' title='bbox 829 3790 956 3835; x_wconf 75' lang='lat' dir='ltr'><strong><em>sunt</em></strong></span> <span class='ocrx_word' id='word_1_296' title='bbox 990 3788 1087 3837; x_wconf 85' lang='lat' dir='ltr'><strong><em>cet.</em></strong></span> <span class='ocrx_word' id='word_1_297' title='bbox 1135 3784 1253 3850; x_wconf 83' lang='lat' dir='ltr'><strong><em>Vgl.</em></strong></span> 
     </span>
     <span class='ocr_line' id='line_1_47' title="bbox 228 3853 1254 3919; baseline -0.002 -14"><span class='ocrx_word' id='word_1_298' title='bbox 228 3854 380 3908; x_wconf 75' lang='lat' dir='ltr'><strong><em>Acad.</em></strong></span> <span class='ocrx_word' id='word_1_299' title='bbox 405 3854 459 3910; x_wconf 83' lang='lat' dir='ltr'><strong><em>ll.</em></strong></span> <span class='ocrx_word' id='word_1_300' title='bbox 485 3857 569 3919; x_wconf 80' lang='lat'><strong><em>37,</em></strong></span> <span class='ocrx_word' id='word_1_301' title='bbox 596 3855 721 3906; x_wconf 85' lang='lat'>118:</span> <span class='ocrx_word' id='word_1_302' title='bbox 758 3853 909 3905; x_wconf 83' lang='lat' dir='ltr'><strong><em>Plato</em></strong></span> <span class='ocrx_word' id='word_1_303' title='bbox 934 3869 1004 3904; x_wconf 73' lang='lat' dir='ltr'><strong><em>ex</em></strong></span> <span class='ocrx_word' id='word_1_304' title='bbox 1026 3855 1254 3904; x_wconf 79' lang='lat' dir='ltr'><strong><em>materia</em></strong></span> 
     </span>
    </p>
   </div>
   <div class='ocr_carea' id='block_1_9' title="bbox 1338 2012 2373 2353">
    <p class='ocr_par' dir='ltr' id='par_1_13' title="bbox 1338 2012 2372 2215">
     <span class='ocr_line' id='line_1_48' title="bbox 1338 2012 2372 2079; baseline -0.001 -15"><span class='ocrx_word' id='word_1_305' title='bbox 1338 2017 1399 2064; x_wconf 83' lang='lat' dir='ltr'><strong><em>in</em></strong></span> <span class='ocrx_word' id='word_1_306' title='bbox 1444 2030 1500 2065; x_wconf 77' lang='lat' dir='ltr'><strong><em>ee</em></strong></span> <span class='ocrx_word' id='word_1_307' title='bbox 1545 2017 1727 2066; x_wconf 83' lang='lat' dir='ltr'><strong><em>omnia</em></strong></span> <span class='ocrx_word' id='word_1_308' title='bbox 1770 2015 2063 2079; x_wconf 82' lang='lat' dir='ltr'><strong><em>recipiente</em></strong></span> <span class='ocrx_word' id='word_1_309' title='bbox 2113 2012 2372 2064; x_wconf 82' lang='lat' dir='ltr'><strong><em>mundum</em></strong></span> 
     </span>
     <span class='ocr_line' id='line_1_49' title="bbox 1340 2080 2369 2146; baseline -0.003 -13"><span class='ocrx_word' id='word_1_310' title='bbox 1340 2080 1549 2143; x_wconf 78' lang='lat' dir='ltr'><strong><em>factum</em></strong></span> <span class='ocrx_word' id='word_1_311' title='bbox 1585 2098 1696 2132; x_wconf 73' lang='lat' dir='ltr'><strong><em>esee</em></strong></span> <span class='ocrx_word' id='word_1_312' title='bbox 1719 2086 1894 2133; x_wconf 72' lang='lat' dir='ltr'><strong><em>censet</em></strong></span> <span class='ocrx_word' id='word_1_313' title='bbox 1917 2098 1950 2133; x_wconf 93' lang='lat' dir='ltr'><strong><em>a</em></strong></span> <span class='ocrx_word' id='word_1_314' title='bbox 1976 2082 2073 2133; x_wconf 84' lang='lat' dir='ltr'><strong><em>deo</em></strong></span> <span class='ocrx_word' id='word_1_315' title='bbox 2096 2083 2369 2146; x_wconf 75' lang='lat' dir='ltr'><strong><em>sempiter-</em></strong></span> 
     </span>
     <span class='ocr_line' id='line_1_50' title="bbox 1338 2150 2030 2215; baseline 0.003 -15"><span class='ocrx_word' id='word_1_316' title='bbox 1338 2165 1487 2213; x_wconf 87' lang='lat' dir='ltr'><strong><em>num,</em></strong></span> <span class='ocrx_word' id='word_1_317' title='bbox 1525 2150 1630 2202; x_wconf 85' lang='lat' dir='ltr'><strong><em>und</em></strong></span> <span class='ocrx_word' id='word_1_318' title='bbox 1666 2150 1800 2201; x_wconf 88' lang='lat' dir='ltr'><strong><em>oben</em></strong></span> <span class='ocrx_word' id='word_1_319' title='bbox 1839 2152 1922 2215; x_wconf 84' lang='lat'><strong><em>25,</em></strong></span> <span class='ocrx_word' id='word_1_320' title='bbox 1946 2153 2030 2204; x_wconf 89' lang='grc'><strong><em>63.</em></strong></span> 
     </span>
    </p>

    <p class='ocr_par' dir='ltr' id='par_1_14' title="bbox 1342 2214 2373 2353">
     <span class='ocr_line' id='line_1_51' title="bbox 1413 2214 2370 2285; baseline -0.004 -14"><span class='ocrx_word' id='word_1_321' title='bbox 1413 2220 1496 2273; x_wconf 87' lang='grc'><strong><em>13.</em></strong></span> <span class='ocrx_word' id='word_1_322' title='bbox 1528 2234 1724 2269; x_wconf 71' lang='grc' dir='ltr'><strong><em>πωπω</em></strong></span> <span class='ocrx_word' id='word_1_323' title='bbox 1759 2216 1885 2270; x_wconf 75' lang='lat' dir='ltr'><strong><em>wird</em></strong></span> <span class='ocrx_word' id='word_1_324' title='bbox 1911 2218 2115 2285; x_wconf 87' lang='lat' dir='ltr'><strong><em>proprie</em></strong></span> <span class='ocrx_word' id='word_1_325' title='bbox 2144 2232 2244 2268; x_wconf 87' lang='lat' dir='ltr'><strong><em>von</em></strong></span> <span class='ocrx_word' id='word_1_326' title='bbox 2270 2214 2370 2267; x_wconf 89' lang='lat' dir='ltr'><strong><em>den</em></strong></span> 
     </span>
     <span class='ocr_line' id='line_1_52' title="bbox 1342 2284 2373 2353; baseline -0.001 -16"><span class='ocrx_word' id='word_1_327' title='bbox 1342 2285 2040 2353; x_wconf 56' lang='lat' dir='ltr'><strong><em>Schauspielengebraueht,</em></strong></span> <span class='ocrx_word' id='word_1_328' title='bbox 2067 2285 2263 2337; x_wconf 79' lang='lat' dir='ltr'><strong><em>welche</em></strong></span> <span class='ocrx_word' id='word_1_329' title='bbox 2282 2284 2373 2336; x_wconf 89' lang='lat' dir='ltr'><strong><em>be-</em></strong></span> 
     </span>
    </p>
   </div>
   <div class='ocr_carea' id='block_1_10' title="bbox 1340 2346 2480 2406">
    <p class='ocr_par' dir='ltr' id='par_1_15' title="bbox 1340 2346 2480 2406">
     <span class='ocr_line' id='line_1_53' title="bbox 1340 2346 2480 2406; baseline -0.004 -1"><span class='ocrx_word' id='word_1_330' title='bbox 1340 2352 1553 2405; x_wconf 83' lang='lat' dir='ltr'><strong><em>sonders</em></strong></span> <span class='ocrx_word' id='word_1_331' title='bbox 1588 2353 1671 2405; x_wconf 89' lang='lat' dir='ltr'><strong><em>die</em></strong></span> <span class='ocrx_word' id='word_1_332' title='bbox 1706 2354 1892 2406; x_wconf 83' lang='lat' dir='ltr'><strong><em>Adilen</em></strong></span> <span class='ocrx_word' id='word_1_333' title='bbox 1937 2353 2053 2405; x_wconf 84' lang='lat' dir='ltr'><strong><em>dem</em></strong></span> <span class='ocrx_word' id='word_1_334' title='bbox 2091 2352 2259 2404; x_wconf 86' lang='lat' dir='ltr'><strong><em>Volke</em></strong></span> <span class='ocrx_word' id='word_1_335' title='bbox 2294 2353 2372 2403; x_wconf 85' lang='lat' dir='ltr'><strong><em>als</em></strong></span> <span class='ocrx_word' id='word_1_336' title='bbox 2456 2346 2480 2368; x_wconf 74' lang='lat'><strong><em>⁹</em></strong></span> 
     </span>
    </p>
   </div>
   <div class='ocr_carea' id='block_1_11' title="bbox 1344 2420 2384 3920">
    <p class='ocr_par' dir='ltr' id='par_1_16' title="bbox 1344 2420 2378 2950">
     <span class='ocr_line' id='line_1_54' title="bbox 1345 2420 2372 2487; baseline -0.003 -14"><span class='ocrx_word' id='word_1_337' title='bbox 1345 2420 1755 2487; x_wconf 82' lang='lat' dir='ltr'><strong><em>Dankgeschenk</em></strong></span> <span class='ocrx_word' id='word_1_338' title='bbox 1800 2421 1881 2473; x_wconf 72' lang='lat' dir='ltr'><strong><em>sin·</em></strong></span> <span class='ocrx_word' id='word_1_339' title='bbox 1916 2421 2026 2472; x_wconf 87' lang='lat' dir='ltr'><strong><em>ihre</em></strong></span> <span class='ocrx_word' id='word_1_340' title='bbox 2061 2420 2372 2485; x_wconf 80' lang='lat' dir='ltr'><strong><em>Ernennung</em></strong></span> 
     </span>
     <span class='ocr_line' id='line_1_55' title="bbox 1344 2487 2374 2556; baseline -0.004 -15"><span class='ocrx_word' id='word_1_341' title='bbox 1344 2505 1410 2542; x_wconf 84' lang='lat' dir='ltr'><strong><em>zu</em></strong></span> <span class='ocrx_word' id='word_1_342' title='bbox 1435 2488 1600 2555; x_wconf 83' lang='lat' dir='ltr'><strong><em>geben</em></strong></span> <span class='ocrx_word' id='word_1_343' title='bbox 1625 2490 1878 2556; x_wconf 73' lang='lat' dir='ltr'><strong><em>pflegtem</em></strong></span> <span class='ocrx_word' id='word_1_344' title='bbox 1913 2488 2071 2540; x_wconf 82' lang='lat' dir='ltr'><strong><em>daher</em></strong></span> <span class='ocrx_word' id='word_1_345' title='bbox 2095 2488 2252 2539; x_wconf 86' lang='lat' dir='ltr'><strong><em>auch:</em></strong></span> <span class='ocrx_word' id='word_1_346' title='bbox 2289 2487 2374 2537; x_wconf 88' lang='lat' dir='ltr'><strong><em>ein</em></strong></span> 
     </span>
     <span class='ocr_line' id='line_1_56' title="bbox 1346 2552 2375 2620; baseline -0.003 -11"><span class='ocrx_word' id='word_1_347' title='bbox 1346 2556 1430 2609; x_wconf 88' lang='lat' dir='ltr'><strong><em>Ge</em></strong></span> <span class='ocrx_word' id='word_1_348' title='bbox 1446 2558 1478 2608; x_wconf 92' lang='lat' dir='ltr'><strong><em>b</em></strong></span> <span class='ocrx_word' id='word_1_349' title='bbox 1490 2558 1519 2609; x_wconf 78' lang='lat' dir='ltr'><strong><em>ii</em></strong></span> <span class='ocrx_word' id='word_1_350' title='bbox 1535 2573 1567 2610; x_wconf 89' lang='lat' dir='ltr'><strong><em>u</em></strong></span> <span class='ocrx_word' id='word_1_351' title='bbox 1581 2557 1612 2609; x_wconf 84' lang='lat' dir='ltr'><strong><em>d</em></strong></span> <span class='ocrx_word' id='word_1_352' title='bbox 1627 2572 1656 2608; x_wconf 92' lang='lat' dir='ltr'><strong><em>e</em></strong></span> <span class='ocrx_word' id='word_1_353' title='bbox 1677 2573 1740 2611; x_wconf 86' lang='lat' dir='ltr'><strong><em>zu</em></strong></span> <span class='ocrx_word' id='word_1_354' title='bbox 1765 2556 1992 2608; x_wconf 87' lang='lat' dir='ltr'><strong><em>solchem</em></strong></span> <span class='ocrx_word' id='word_1_355' title='bbox 2006 2554 2225 2607; x_wconf 88' lang='lat' dir='ltr'><strong><em>Zwecke</em></strong></span> <span class='ocrx_word' id='word_1_356' title='bbox 2236 2555 2301 2620; x_wconf 90' lang='lat' dir='ltr'><strong><em>(z.</em></strong></span> <span class='ocrx_word' id='word_1_357' title='bbox 2314 2552 2375 2606; x_wconf 88' lang='lat' dir='ltr'><strong><em>B.</em></strong></span> 
     </span>
     <span class='ocr_line' id='line_1_57' title="bbox 1347 2624 2377 2691; baseline -0.001 -17"><span class='ocrx_word' id='word_1_358' title='bbox 1347 2624 1481 2679; x_wconf 84' lang='lat' dir='ltr'><strong><em>Vell.</em></strong></span> <span class='ocrx_word' id='word_1_359' title='bbox 1506 2625 1565 2677; x_wconf 89' lang='lat' dir='ltr'><strong><em>Il.</em></strong></span> <span class='ocrx_word' id='word_1_360' title='bbox 1595 2628 1716 2679; x_wconf 82' lang='lat'>130:</span> <span class='ocrx_word' id='word_1_361' title='bbox 1753 2627 1992 2691; x_wconf 82' lang='lat' dir='ltr'><strong><em>Pompeii</em></strong></span> <span class='ocrx_word' id='word_1_362' title='bbox 2024 2640 2250 2675; x_wconf 85' lang='lat' dir='ltr'><strong><em>munera</em></strong></span> <span class='ocrx_word' id='word_1_363' title='bbox 2286 2625 2377 2673; x_wconf 83' lang='lat' dir='ltr'><strong><em>ab·</em></strong></span> 
     </span>
     <span class='ocr_line' id='line_1_58' title="bbox 1345 2690 2375 2760; baseline 0 -15"><span class='ocrx_word' id='word_1_364' title='bbox 1345 2698 1558 2760; x_wconf 76' lang='lat' dir='ltr'><strong><em>sumpta</em></strong></span> <span class='ocrx_word' id='word_1_365' title='bbox 1594 2696 1748 2760; x_wconf 82' lang='lat' dir='ltr'><strong><em>igni).</em></strong></span> <span class='ocrx_word' id='word_1_366' title='bbox 1821 2692 1935 2760; x_wconf 79' lang='lat' dir='ltr'><strong><em>Vgl.</em></strong></span> <span class='ocrx_word' id='word_1_367' title='bbox 1971 2692 2038 2744; x_wconf 87' lang='lat' dir='ltr'><strong><em>de</em></strong></span> <span class='ocrx_word' id='word_1_368' title='bbox 2073 2693 2213 2745; x_wconf 89' lang='lat' dir='ltr'><strong><em>deor.</em></strong></span> <span class='ocrx_word' id='word_1_369' title='bbox 2239 2707 2291 2743; x_wconf 89' lang='lat' dir='ltr'><strong><em>n.</em></strong></span> <span class='ocrx_word' id='word_1_370' title='bbox 2315 2690 2375 2745; x_wconf 89' lang='lat'><strong><em>11.</em></strong></span> 
     </span>
     <span class='ocr_line' id='line_1_59' title="bbox 1349 2764 2378 2828; baseline -0.004 -13"><span class='ocrx_word' id='word_1_371' title='bbox 1349 2765 1435 2827; x_wconf 83' lang='lat'><strong><em>35,</em></strong></span> <span class='ocrx_word' id='word_1_372' title='bbox 1452 2764 1543 2815; x_wconf 83' lang='lat'><strong><em>90:</em></strong></span> <span class='ocrx_word' id='word_1_373' title='bbox 1568 2766 1741 2813; x_wconf 73' lang='lat' dir='ltr'><strong><em>inesse</em></strong></span> <span class='ocrx_word' id='word_1_374' title='bbox 1763 2764 1996 2828; x_wconf 81' lang='lat' dir='ltr'><strong><em>aliquem</em></strong></span> <span class='ocrx_word' id='word_1_375' title='bbox 2014 2790 2078 2801; x_wconf 91' lang='lat'>-</span> <span class='ocrx_word' id='word_1_376' title='bbox 2104 2766 2378 2826; x_wconf 82' lang='lat' dir='ltr'><strong><em>tamquam</em></strong></span> 
     </span>
     <span class='ocr_line' id='line_1_60' title="bbox 1348 2832 2378 2897; baseline -0.002 -17"><span class='ocrx_word' id='word_1_377' title='bbox 1348 2832 1699 2883; x_wconf 72' lang='lat' dir='ltr'><strong><em>architectum</em></strong></span> <span class='ocrx_word' id='word_1_378' title='bbox 1736 2835 1877 2883; x_wconf 82' lang='lat' dir='ltr'><strong><em>tanti</em></strong></span> <span class='ocrx_word' id='word_1_379' title='bbox 1921 2833 2099 2897; x_wconf 74' lang='lat' dir='ltr'><strong><em>operis</em></strong></span> <span class='ocrx_word' id='word_1_380' title='bbox 2133 2833 2378 2895; x_wconf 80' lang='lat' dir='ltr'><strong><em>tantique</em></strong></span> 
     </span>
     <span class='ocr_line' id='line_1_61' title="bbox 1349 2903 1609 2950; baseline 0 0"><span class='ocrx_word' id='word_1_381' title='bbox 1349 2903 1609 2950; x_wconf 75' lang='lat' dir='ltr'><strong><em>muneris.</em></strong></span> 
     </span>
    </p>

    <p class='ocr_par' dir='ltr' id='par_1_17' title="bbox 1350 2964 2380 3236">
     <span class='ocr_line' id='line_1_62' title="bbox 1420 2964 2379 3029; baseline -0.004 -10"><span class='ocrx_word' id='word_1_382' title='bbox 1420 2969 1500 3020; x_wconf 88' lang='grc'><strong><em>16.</em></strong></span> <span class='ocrx_word' id='word_1_383' title='bbox 1537 2969 1645 3017; x_wconf 86' lang='lat' dir='ltr'><strong><em>vim</em></strong></span> <span class='ocrx_word' id='word_1_384' title='bbox 1700 2967 1941 3018; x_wconf 83' lang='lat' dir='ltr'><strong><em>divinam</em></strong></span> <span class='ocrx_word' id='word_1_385' title='bbox 1991 2969 2210 3029; x_wconf 71' lang='lat' dir='ltr'><strong><em>mentis,</em></strong></span> <span class='ocrx_word' id='word_1_386' title='bbox 2262 2964 2379 3017; x_wconf 86' lang='lat' dir='ltr'><strong><em>eine</em></strong></span> 
     </span>
     <span class='ocr_line' id='line_1_63' title="bbox 1350 3034 2379 3087; baseline -0.005 0"><span class='ocrx_word' id='word_1_387' title='bbox 1350 3035 1509 3087; x_wconf 88' lang='lat' dir='ltr'><strong><em>durch</em></strong></span> <span class='ocrx_word' id='word_1_388' title='bbox 1580 3034 1665 3086; x_wconf 88' lang='lat' dir='ltr'><strong><em>die</em></strong></span> <span class='ocrx_word' id='word_1_389' title='bbox 1724 3034 2138 3087; x_wconf 74' lang='lat' dir='ltr'><strong><em>Zwischensiitze</em></strong></span> <span class='ocrx_word' id='word_1_390' title='bbox 2196 3047 2379 3085; x_wconf 86' lang='lat' dir='ltr'><strong><em>veran-</em></strong></span> 
     </span>
     <span class='ocr_line' id='line_1_64' title="bbox 1351 3101 2380 3157; baseline -0.003 -4"><span class='ocrx_word' id='word_1_391' title='bbox 1351 3103 1504 3155; x_wconf 80' lang='lat' dir='ltr'><strong><em>lal&#39;ste</em></strong></span> <span class='ocrx_word' id='word_1_392' title='bbox 1580 3101 1928 3156; x_wconf 82' lang='lat' dir='ltr'><strong><em>Anakoluthie</em></strong></span> <span class='ocrx_word' id='word_1_393' title='bbox 1986 3108 2051 3157; x_wconf 83' lang='lat' dir='ltr'><strong><em>st.</em></strong></span> <span class='ocrx_word' id='word_1_394' title='bbox 2139 3102 2380 3153; x_wconf 84' lang='lat' dir='ltr'><strong><em>divinam</em></strong></span> 
     </span>
     <span class='ocr_line' id='line_1_65' title="bbox 1352 3171 1661 3236; baseline 0.003 -15"><span class='ocrx_word' id='word_1_395' title='bbox 1352 3188 1463 3221; x_wconf 75' lang='lat' dir='ltr'><strong><em>esse</em></strong></span> <span class='ocrx_word' id='word_1_396' title='bbox 1498 3171 1661 3236; x_wconf 81' lang='lat' dir='ltr'><strong><em>adgn.</em></strong></span> 
     </span>
    </p>

    <p class='ocr_par' dir='ltr' id='par_1_18' title="bbox 1353 3234 2380 3564">
     <span class='ocr_line' id='line_1_66' title="bbox 1427 3234 2378 3303; baseline -0.007 -11"><span class='ocrx_word' id='word_1_397' title='bbox 1427 3241 1506 3292; x_wconf 86' lang='lat'><strong><em>18.</em></strong></span> <span class='ocrx_word' id='word_1_398' title='bbox 1524 3242 1586 3289; x_wconf 84' lang='lat' dir='ltr'><strong><em>in</em></strong></span> <span class='ocrx_word' id='word_1_399' title='bbox 1622 3240 1809 3303; x_wconf 82' lang='lat' dir='ltr'><strong><em>capite.</em></strong></span> <span class='ocrx_word' id='word_1_400' title='bbox 1865 3236 1935 3290; x_wconf 90' lang='lat' dir='ltr'><strong><em>So</em></strong></span> <span class='ocrx_word' id='word_1_401' title='bbox 1973 3238 2075 3291; x_wconf 90' lang='lat' dir='ltr'><strong><em>Cic.</em></strong></span> <span class='ocrx_word' id='word_1_402' title='bbox 2114 3237 2243 3289; x_wconf 84' lang='lat' dir='ltr'><strong><em>nach</em></strong></span> <span class='ocrx_word' id='word_1_403' title='bbox 2278 3234 2378 3286; x_wconf 89' lang='lat' dir='ltr'><strong><em>sei·</em></strong></span> 
     </span>
     <span class='ocr_line' id='line_1_67' title="bbox 1354 3302 2380 3371; baseline -0.006 -13"><span class='ocrx_word' id='word_1_404' title='bbox 1354 3323 1470 3359; x_wconf 88' lang='lat' dir='ltr'><strong><em>nem</em></strong></span> <span class='ocrx_word' id='word_1_405' title='bbox 1519 3306 1705 3360; x_wconf 86' lang='lat' dir='ltr'><strong><em>Lehrer</em></strong></span> <span class='ocrx_word' id='word_1_406' title='bbox 1750 3305 2082 3371; x_wconf 85' lang='lat' dir='ltr'><strong><em>Posidonius,</em></strong></span> <span class='ocrx_word' id='word_1_407' title='bbox 2138 3302 2380 3357; x_wconf 68' lang='lat' dir='ltr'><strong><em>wahl-end</em></strong></span> 
     </span>
     <span class='ocr_line' id='line_1_68' title="bbox 1354 3370 2380 3427; baseline -0.005 0"><span class='ocrx_word' id='word_1_408' title='bbox 1354 3375 1438 3427; x_wconf 89' lang='lat' dir='ltr'><strong><em>die</em></strong></span> <span class='ocrx_word' id='word_1_409' title='bbox 1488 3376 1684 3427; x_wconf 78' lang='lat' dir='ltr'><strong><em>iilteren</em></strong></span> <span class='ocrx_word' id='word_1_410' title='bbox 1731 3373 1936 3425; x_wconf 84' lang='lat' dir='ltr'><strong><em>Stoiker</em></strong></span> <span class='ocrx_word' id='word_1_411' title='bbox 1983 3373 2080 3426; x_wconf 87' lang='lat' dir='ltr'><strong><em>den</em></strong></span> <span class='ocrx_word' id='word_1_412' title='bbox 2130 3372 2238 3425; x_wconf 87' lang='lat' dir='ltr'><strong><em>Sitz</em></strong></span> <span class='ocrx_word' id='word_1_413' title='bbox 2289 3370 2380 3422; x_wconf 88' lang='lat' dir='ltr'><strong><em>der</em></strong></span> 
     </span>
     <span class='ocr_line' id='line_1_69' title="bbox 1356 3439 2380 3507; baseline -0.008 -10"><span class='ocrx_word' id='word_1_414' title='bbox 1356 3443 1504 3497; x_wconf 89' lang='lat' dir='ltr'><strong><em>Seele</em></strong></span> <span class='ocrx_word' id='word_1_415' title='bbox 1541 3443 1593 3495; x_wconf 90' lang='lat' dir='ltr'><strong><em>in</em></strong></span> <span class='ocrx_word' id='word_1_416' title='bbox 1630 3443 1714 3496; x_wconf 89' lang='lat' dir='ltr'><strong><em>die</em></strong></span> <span class='ocrx_word' id='word_1_417' title='bbox 1748 3440 1903 3494; x_wconf 87' lang='lat' dir='ltr'><strong><em>Brust</em></strong></span> <span class='ocrx_word' id='word_1_418' title='bbox 1938 3442 2221 3507; x_wconf 82' lang='lat' dir='ltr'><strong><em>verlegten,</em></strong></span> <span class='ocrx_word' id='word_1_419' title='bbox 2257 3439 2380 3491; x_wconf 82' lang='lat' dir='ltr'><strong><em>weil</em></strong></span> 
     </span>
     <span class='ocr_line' id='line_1_70' title="bbox 1353 3508 2303 3564; baseline -0.003 -1"><span class='ocrx_word' id='word_1_420' title='bbox 1353 3512 1439 3564; x_wconf 87' lang='lat' dir='ltr'><strong><em>die</em></strong></span> <span class='ocrx_word' id='word_1_421' title='bbox 1477 3511 1691 3564; x_wconf 88' lang='lat' dir='ltr'><strong><em>Stimme</em></strong></span> <span class='ocrx_word' id='word_1_422' title='bbox 1728 3511 1858 3562; x_wconf 86' lang='lat' dir='ltr'><strong><em>eben</em></strong></span> <span class='ocrx_word' id='word_1_423' title='bbox 1895 3508 2053 3561; x_wconf 84' lang='lat' dir='ltr'><strong><em>daher</em></strong></span> <span class='ocrx_word' id='word_1_424' title='bbox 2087 3510 2303 3562; x_wconf 84' lang='lat' dir='ltr'><strong><em>kommt.</em></strong></span> 
     </span>
    </p>

    <p class='ocr_par' dir='ltr' id='par_1_19' title="bbox 1355 3574 2384 3920">
     <span class='ocr_line' id='line_1_71' title="bbox 1427 3574 2383 3640; baseline -0.006 -8"><span class='ocrx_word' id='word_1_425' title='bbox 1427 3583 1507 3633; x_wconf 89' lang='grc'><strong>19.</strong></span> <span class='ocrx_word' id='word_1_426' title='bbox 1544 3578 1765 3640; x_wconf 79' lang='lat' dir='ltr'><strong><em>adferre</em></strong></span> <span class='ocrx_word' id='word_1_427' title='bbox 1798 3577 1928 3629; x_wconf 81' lang='lat' dir='ltr'><strong><em>wird</em></strong></span> <span class='ocrx_word' id='word_1_428' title='bbox 1982 3578 2117 3629; x_wconf 80' lang='lat' dir='ltr'><strong><em>oster</em></strong></span> <span class='ocrx_word' id='word_1_429' title='bbox 2168 3580 2219 3630; x_wconf 90' lang='lat' dir='ltr'><strong><em>in</em></strong></span> <span class='ocrx_word' id='word_1_430' title='bbox 2266 3574 2383 3628; x_wconf 86' lang='lat' dir='ltr'><strong><em>dem</em></strong></span> 
     </span>
     <span class='ocr_line' id='line_1_72' title="bbox 1355 3645 2384 3710; baseline -0.006 -11"><span class='ocrx_word' id='word_1_431' title='bbox 1355 3647 1515 3699; x_wconf 88' lang='lat' dir='ltr'><strong><em>Sinne</em></strong></span> <span class='ocrx_word' id='word_1_432' title='bbox 1561 3663 1664 3700; x_wconf 88' lang='lat' dir='ltr'><strong><em>von</em></strong></span> <span class='ocrx_word' id='word_1_433' title='bbox 1700 3647 2060 3710; x_wconf 73' lang='lat' dir='ltr'><strong><em>bevreisen,</em></strong></span> <span class='ocrx_word' id='word_1_434' title='bbox 2096 3645 2384 3700; x_wconf 89' lang='lat' dir='ltr'><strong><em>Rechen·</em></strong></span> 
     </span>
     <span class='ocr_line' id='line_1_73' title="bbox 1357 3711 2381 3781; baseline -0.008 -13"><span class='ocrx_word' id='word_1_435' title='bbox 1357 3716 1577 3768; x_wconf 80' lang='lat' dir='ltr'><strong><em>schast</em></strong></span> <span class='ocrx_word' id='word_1_436' title='bbox 1601 3717 1834 3781; x_wconf 84' lang='lat' dir='ltr'><strong><em>geben,</em></strong></span> <span class='ocrx_word' id='word_1_437' title='bbox 1852 3715 2060 3767; x_wconf 84' lang='lat' dir='ltr'><strong><em>absolut</em></strong></span> <span class='ocrx_word' id='word_1_438' title='bbox 2075 3711 2381 3780; x_wconf 77' lang='lat' dir='ltr'><strong><em>gebraucht;</em></strong></span> 
     </span>
     <span class='ocr_line' id='line_1_74' title="bbox 1357 3782 2384 3846; baseline -0.007 -10"><span class='ocrx_word' id='word_1_439' title='bbox 1357 3784 1515 3836; x_wconf 88' lang='lat' dir='ltr'><strong><em>daher</em></strong></span> <span class='ocrx_word' id='word_1_440' title='bbox 1560 3784 1668 3837; x_wconf 86' lang='lat' dir='ltr'><strong><em>Cat.</em></strong></span> <span class='ocrx_word' id='word_1_441' title='bbox 1693 3783 1761 3838; x_wconf 83' lang='grc' dir='ltr'><strong><em>Μ.</em></strong></span> <span class='ocrx_word' id='word_1_442' title='bbox 1788 3787 1843 3846; x_wconf 90' lang='grc'><strong><em>6,</em></strong></span> <span class='ocrx_word' id='word_1_443' title='bbox 1874 3787 1965 3837; x_wconf 78' lang='lat'><strong><em>17:</em></strong></span> <span class='ocrx_word' id='word_1_444' title='bbox 1989 3782 2167 3834; x_wconf 76' lang='lat' dir='ltr'><strong><em>&#39;Nihil</em></strong></span> <span class='ocrx_word' id='word_1_445' title='bbox 2209 3783 2384 3846; x_wconf 78' lang='lat' dir='ltr'><strong><em>igitur</em></strong></span> 
     </span>
     <span class='ocr_line' id='line_1_75' title="bbox 1359 3847 2217 3920; baseline -0.001 -17"><span class='ocrx_word' id='word_1_446' title='bbox 1359 3849 1620 3911; x_wconf 77' lang='lat' dir='ltr'><strong><em>adferunt</em></strong></span> <span class='ocrx_word' id='word_1_447' title='bbox 1651 3874 1719 3894; x_wconf 81' lang='lat'>=</span> <span class='ocrx_word' id='word_1_448' title='bbox 1756 3847 1919 3904; x_wconf 65' lang='grc' dir='ltr'><strong><em>οὐδὲν</em></strong></span> <span class='ocrx_word' id='word_1_449' title='bbox 1953 3848 2217 3920; x_wconf 71' lang='grc' dir='ltr'><strong>λέγουσιν.</strong></span> 
     </span>
    </p>
   </div>
  </div>
 </body>
</html>
